Date,filingDate,Name,totalRevenue,costofGoodsAndServicesSold,researchAndDevelopment,totalEquity,totalAssets,totalLiabilities,inventory,commonStockSharesOutstanding,GDP,Interest,Inflation,SP,Cons_Sent,Fin_Stress,Cash_On_Hand,Unemployment_Rate,Recession_probability,Corporate_Profits,initialPrice,finalPrice,delta,class,Liab/Rev,Asset/share
4/29/2018,5/22/2018,NVDA,3207000000,1139000000,542000000,7717000000,11460000000,3743000000,797000000,606000000,20470.197,1.15872476,2.530544333,2703.13,98.3,-0.1825,136813,3.9,0.1,2258.834,60.0899353,61.36335373,1.273418427,1,1.167134394,18.91089109
7/29/2018,8/16/2018,NVDA,3123000000,1148000000,581000000,8795000000,12882000000,4087000000,1090000000,607000000,20687.278,1.18087408,2.471481667,2849.6,98.1,-0.6204,134561,3.8,0.11,2274.868,63.77882004,61.40050125,-2.378318787,0,1.308677554,21.22240527
10/28/2018,11/15/2018,NVDA,3181000000,1260000000,605000000,9475000000,13657000000,4182000000,1417000000,609000000,20819.269,1.28791727,2.452050667,2698.93,98.1,-0.1487,139445,3.8,0.23,2295.174,50.16804123,35.86795044,-14.30009079,0,1.314680918,22.42528736
1/27/2019,2/21/2019,NVDA,2205000000,998000000,647000000,9342000000,13292000000,3950000000,1575000000,606000000,21013.085,0.87527495,2.387288333,2721,94.5,-0.3621,123508,3.9,0.73,2254.933,38.65058899,39.37512207,0.724533081,1,1.79138322,21.9339934
4/28/2019,5/16/2019,NVDA,2220000000,924000000,674000000,9704000000,14021000000,4317000000,1426000000,607000000,21272.448,0.46067806,2.408969333,2882.33,98.5,-0.513,126995,3.6,0.47,2311.3,39.78827667,37.69193268,-2.096343994,0,1.944594595,23.09884679
7/28/2019,8/15/2019,NVDA,2579000000,1038000000,704000000,10336000000,14775000000,4439000000,1204000000,609000000,21531.839,0.36520973,2.565620333,2957.85,93.8,-0.2285,120227,3.6,0.35,2269.075,36.99393463,42.46705627,5.473121643,1,1.721209771,24.26108374
10/27/2019,11/14/2019,NVDA,3014000000,1098000000,712000000,11214000000,15810000000,4596000000,1047000000,610000000,21706.532,0.43873377,2.749306333,3082.76,97.2,-0.1624,155655,3.6,0.71,2383.929,52.21913147,52.83892059,0.619789124,1,1.524883875,25.91803279
1/26/2020,2/20/2020,NVDA,3105000000,1090000000,738000000,12204000000,17315000000,5111000000,979000000,612000000,21538.032,0.23108155,2.752460667,3055.87,96.6,0.9415,170156,3.8,33.45,2202.657,76.89565277,68.07270813,-8.822944641,0,1.64605475,28.29248366
4/26/2020,5/21/2020,NVDA,3080000000,1076000000,735000000,13099000000,23254000000,10155000000,1128000000,614000000,19636.731,-0.09771677,2.122902,2931.69,74.1,1.0473,239587,13,33.35,2078.07,87.48715973,86.91390228,-0.573257446,0,3.297077922,37.87296417
7/26/2020,8/19/2020,NVDA,3866000000,1591000000,997000000,13914000000,25180000000,11266000000,1401000000,616000000,21362.428,-0.36527181,2.238408667,3319.83,75.7,-0.0865,221081,8.8,0.02,2702.715,121.0731964,126.5091934,5.435997009,1,2.914123125,40.87662338
10/25/2020,11/18/2020,NVDA,4726000000,1766000000,1047000000,15334000000,26881000000,11547000000,1495000000,618000000,21704.706,-0.24600518,1.785781667,3554.5,79.8,-0.1765,245243,6.8,0.21,2615.907,133.9826202,130.5803833,-3.402236938,0,2.443292425,43.49676375
1/31/2021,2/26/2021,NVDA,5003000000,1847000000,1146000000,16893000000,28791000000,11898000000,1826000000,620000000,22313.85,-0.15111138,1.583668333,3865.71,80.2,-0.5785,261600,6.2,0,2937.989,136.8740845,138.144043,1.269958496,1,2.378173096,46.43709677
5/2/2021,5/26/2021,NVDA,5661000000,2032000000,1153000000,18774000000,30796000000,12022000000,1992000000,621000000,23046.934,0.04977656,2.491358,4183.63,85.6,-0.9187,268350,5.9,0.15,3209.367,156.7439117,162.1800537,5.436141968,1,2.123653065,49.59098229
8/1/2021,8/20/2021,NVDA,6507000000,2292000000,1245000000,21147000000,38650000000,17503000000,2114000000,2493000000,23550.42,-0.14023619,2.432303667,4421.67,74.8,-0.7987,270392,5.1,0.18,3214.189,207.8680878,219.2720947,11.40400696,1,2.689872445,15.50340955
10/31/2021,11/22/2021,NVDA,7103000000,2472000000,1403000000,23798000000,40632000000,16834000000,2233000000,2499000000,24349.121,0.1145294,3.244694,4602.11,69.9,-0.6983,260115,4.2,0.11,3190.746,319.1681519,326.339325,7.171173096,1,2.369984514,16.25930372
1/30/2022,3/18/2022,NVDA,7643000000,2644000000,1466000000,26612000000,44187000000,17575000000,2605000000,2506000000,24740.48,0.36939264,4.284717333,4463.86,63.1,-0.4063,255821,3.8,0.13,3328.491,264.2829895,267.0903931,2.807403564,1,2.299489729,17.63248204
5/1/2022,5/27/2022,NVDA,8288000000,2857000000,1618000000,26320000000,45212000000,18892000000,3163000000,2506000000,25248.476,1.05946385,5.043240667,4105.67,57.9,-0.1295,199421,3.6,0.19,3521.785,187.9343567,186.5456696,-1.388687134,0,2.279440154,18.0415004
7/31/2022,8/31/2022,NVDA,6704000000,570000000,1824000000,23851000000,43476000000,19625000000,3889000000,2495000000,25723.941,1.04068297,6.003276333,3980.35,56.1,-0.2758,191141,3.6,0.07,3347.843,150.8309479,136.3714142,-14.45953369,0,2.927356802,17.4252505
10/30/2022,11/18/2022,NVDA,5931000000,2754000000,1945000000,21349000000,40488000000,19139000000,4454000000,2483000000,26137.992,1.76805674,6.484403333,3851.97,58.8,-0.1566,188009,3.6,0.88,3185.64,154.0244293,153.1048126,-0.919616699,0,3.22694318,16.30608135
1/29/2023,2/24/2023,NVDA,6051000000,2218000000,1952000000,22101000000,41182000000,19081000000,5159000000,2466000000,26629.7225,1.7543125,6.53331693,3610.215,55.3,-0.09135,155669,3.5,0.85,3358.188149,232.8204651,234.9700928,2.149627686,1,3.15336308,16.6999189
3/31/2018,5/7/2018,TSLA,3409000000,2485000000,367096000,5720000000,27271000000,21551000000,2566000000,169750000,20155.486,0.99726438,2.222466,2733.48,98.9,-0.3239,156478,4,0.13,2202.037,20.18466759,20.45666695,0.271999359,1,6.321795248,160.6539028
6/30/2018,8/6/2018,TSLA,4002000000,2860000000,386129000,5267000000,27910000000,22643000000,3325000000,170516000,20470.197,1.15872476,2.530544333,2703.13,98.3,-0.1825,136813,3.9,0.1,2258.834,22.79933357,24.68933296,1.88999939,1,5.657921039,163.6796547
9/30/2018,11/2/2018,TSLA,6824000000,-5313000000,351000000,5854000000,29263000000,23409000000,3314000000,171578000,20687.278,1.18087408,2.471481667,2849.6,98.1,-0.6204,134561,3.8,0.11,2274.868,23.09399986,22.76000023,-0.333999634,0,3.430392732,170.5521687
12/31/2018,2/19/2019,TSLA,7226000000,25289000,356000000,6313000000,29740000000,23427000000,3113000000,172603000,20819.269,1.28791727,2.452050667,2698.93,98.1,-0.1487,139445,3.8,0.23,2295.174,20.37599945,19.41533279,-0.960666656,0,3.242042624,172.3029148
3/31/2019,4/29/2019,TSLA,4541000000,80843000,340000000,6038000000,28913000000,22875000000,3837000000,173682000,21013.085,0.87527495,2.387288333,2721,94.5,-0.3621,123508,3.9,0.73,2254.933,16.09799957,15.600667,-0.497332573,0,5.037436688,166.4709066
6/30/2019,7/29/2019,TSLA,6350000000,34829000,324000000,7151000000,31873000000,24722000000,3382000000,179118000,21272.448,0.46067806,2.408969333,2882.33,98.5,-0.513,126995,3.6,0.47,2311.3,15.71800041,16.10733223,0.389331818,1,3.893228346,177.9441486
9/30/2019,10/29/2019,TSLA,6303000000,51328000,334000000,7482000000,32795000000,25313000000,3581000000,180000000,21531.839,0.36520973,2.565620333,2957.85,93.8,-0.2285,120227,3.6,0.35,2269.075,21.08133316,20.99466705,-0.086666107,0,4.016024116,182.1944444
12/31/2019,2/13/2020,TSLA,7384000000,26000000,345000000,8110000000,34309000000,26199000000,3552000000,181000000,21706.532,0.43873377,2.749306333,3082.76,97.2,-0.1624,155655,3.6,0.71,2383.929,53.59999847,57.2266655,3.626667023,1,3.548076923,189.5524862
3/31/2020,4/30/2020,TSLA,5985000000,45000000,324000000,10732000000,37250000000,26518000000,4494000000,185000000,21538.032,0.23108155,2.752460667,3055.87,96.6,0.9415,170156,3.8,33.45,2202.657,52.12533188,50.74599838,-1.379333496,0,4.430743525,201.3513514
6/30/2020,7/28/2020,TSLA,6036000000,43000000,279000000,11381000000,38135000000,26754000000,4018000000,186000000,19636.731,-0.09771677,2.122902,2931.69,74.1,1.0473,239587,13,33.35,2078.07,98.43267059,99.16600037,0.733329773,1,4.432405567,205.0268817
9/30/2020,10/26/2020,TSLA,8771000000,41000000,366000000,17548000000,45691000000,28143000000,4218000000,948000000,21362.428,-0.36527181,2.238408667,3319.83,75.7,-0.0865,221081,8.8,0.02,2702.715,140.093338,135.3399963,-4.753341675,0,3.208642116,48.19725738
12/31/2020,2/8/2021,TSLA,10744000000,149000000,522000000,23730000000,52148000000,28418000000,4101000000,960000000,21704.706,-0.24600518,1.785781667,3554.5,79.8,-0.1765,245243,6.8,0.21,2615.907,287.8066711,268.2733459,-19.5333252,0,2.645011169,54.32083333
3/31/2021,4/28/2021,TSLA,10389000000,75000000,666000000,24465000000,52972000000,28507000000,4132000000,963000000,22313.85,-0.15111138,1.583668333,3865.71,80.2,-0.5785,261600,6.2,0,2937.989,231.4666595,236.4799957,5.013336182,1,2.743959958,55.00726895
6/30/2021,7/27/2021,TSLA,11958000000,36000000,576000000,26250000000,55146000000,28896000000,4733000000,984000000,23046.934,0.04977656,2.491358,4183.63,85.6,-0.9187,268350,5.9,0.15,3209.367,214.9266663,225.7833405,10.85667419,1,2.416457602,56.04268293
9/30/2021,10/25/2021,TSLA,13757000000,35000000,611000000,28494000000,57834000000,29340000000,5199000000,1004000000,23550.42,-0.14023619,2.432303667,4421.67,74.8,-0.7987,270392,5.1,0.18,3214.189,341.6199951,345.9533386,4.333343506,1,2.132732427,57.60358566
12/31/2021,2/7/2022,TSLA,17719000000,149000000,740000000,31583000000,62131000000,30548000000,5757000000,1033000000,24349.121,0.1145294,3.244694,4602.11,69.9,-0.6983,260115,4.2,0.11,3190.746,302.4466553,310.6666565,8.220001221,1,1.724025058,60.14617619
3/31/2022,4/25/2022,TSLA,18756000000,197000000,865000000,35406000000,66038000000,30632000000,6691000000,1036000000,24740.48,0.36939264,4.284717333,4463.86,63.1,-0.4063,255821,3.8,0.13,3328.491,332.6733398,293.8366699,-38.83666992,0,1.633184048,63.74324324
6/30/2022,7/25/2022,TSLA,16934000000,82000000,667000000,37658000000,68513000000,30855000000,8108000000,1041000000,25248.476,1.05946385,5.043240667,4105.67,57.9,-0.1295,199421,3.6,0.19,3521.785,268.4333191,274.8200073,6.386688232,1,1.822073934,65.81460134
9/30/2022,10/24/2022,TSLA,21454000000,97000000,733000000,41124000000,74426000000,33302000000,10327000000,3158000000,25723.941,1.04068297,6.003276333,3980.35,56.1,-0.2758,191141,3.6,0.07,3347.843,211.25,224.6399994,13.38999939,1,1.552251328,23.56744775
12/31/2022,1/31/2023,TSLA,24318000000,143000000,810000000,45898000000,82338000000,36440000000,12839000000,3164000000,26137.992,1.76805674,6.484403333,3851.97,58.8,-0.1566,188009,3.6,0.88,3185.64,173.2200012,188.2700043,15.05000305,1,1.498478493,26.02338812
3/31/2019,4/25/2019,META,15077000000,2816000000,2860000000,86039000000,1.09E+11,22961000000,,2856000000,21013.085,0.87527495,2.387288333,2721,94.5,-0.3621,123508,3.9,0.73,2254.933,193.2599945,194.7799988,1.520004272,1,1.522915699,38.16526611
6/30/2019,7/25/2019,META,16883000000,3307000000,3315000000,88756000000,1.17E+11,28244000000,,2855000000,21272.448,0.46067806,2.408969333,2882.33,98.5,-0.513,126995,3.6,0.47,2311.3,200.7100067,195.9400024,-4.770004272,0,1.672925428,40.98073555
9/30/2019,10/31/2019,META,17648000000,3155000000,3548000000,93581000000,1.24E+11,30419000000,,2854000000,21531.839,0.36520973,2.565620333,2957.85,93.8,-0.2285,120227,3.6,0.35,2269.075,191.6499939,194.7200012,3.070007324,1,1.723651405,43.44779257
12/31/2019,1/30/2020,META,20966000000,3491000000,3878000000,1.00678E+11,1.33E+11,32322000000,,2851000000,21706.532,0.43873377,2.749306333,3082.76,97.2,-0.1624,155655,3.6,0.71,2383.929,209.5299988,204.1900024,-5.339996338,0,1.541638844,46.65029814
3/31/2020,4/30/2020,META,17734000000,3459000000,4015000000,1.04933E+11,1.38E+11,33067000000,,2851000000,21538.032,0.23108155,2.752460667,3055.87,96.6,0.9415,170156,3.8,33.45,2202.657,204.7100067,205.2599945,0.549987793,1,1.864610353,48.40406875
6/30/2020,7/31/2020,META,18683000000,3829000000,4462000000,1.10756E+11,1.40E+11,29244000000,,2850000000,19636.731,-0.09771677,2.122902,2931.69,74.1,1.0473,239587,13,33.35,2078.07,253.6699982,251.9600067,-1.709991455,0,1.565273243,49.12280702
9/30/2020,10/30/2020,META,21466000000,4194000000,4763000000,1.17294E+11,1.46E+11,28706000000,,2850000000,21362.428,-0.36527181,2.238408667,3319.83,75.7,-0.0865,221081,8.8,0.02,2702.715,263.1099854,261.3599854,-1.75,0,1.337277555,51.22807018
12/31/2020,1/28/2021,META,27940000000,5210000000,5207000000,1.27974E+11,1.59E+11,31026000000,,2854000000,21704.706,-0.24600518,1.785781667,3554.5,79.8,-0.1765,245243,6.8,0.21,2615.907,265,262.0100098,-2.989990234,0,1.110450966,55.71128241
3/31/2021,4/29/2021,META,26167000000,5131000000,5197000000,1.34134E+11,1.64E+11,29866000000,,2847000000,22313.85,-0.15111138,1.583668333,3865.71,80.2,-0.5785,261600,6.2,0,2937.989,329.5100098,322.5799866,-6.930023193,0,1.141361257,57.60449596
6/30/2021,7/29/2021,META,29073000000,5399000000,6096000000,1.38618E+11,1.71E+11,32382000000,,2834000000,23046.934,0.04977656,2.491358,4183.63,85.6,-0.9187,268350,5.9,0.15,3209.367,358.3200073,351.9500122,-6.369995117,0,1.113816944,60.33874382
9/30/2021,10/26/2021,META,29006000000,5771000000,6316000000,1.33775E+11,1.70E+11,36225000000,,2814000000,23550.42,-0.14023619,2.432303667,4421.67,74.8,-0.7987,270392,5.1,0.18,3214.189,315.8099976,316.9200134,1.110015869,1,1.248879542,60.41222459
12/31/2021,2/3/2022,META,33527000000,6348000000,7046000000,1.24892E+11,1.66E+11,41108000000,,2764000000,24349.121,0.1145294,3.244694,4602.11,69.9,-0.6983,260115,4.2,0.11,3190.746,237.7599945,224.9100037,-12.84999084,0,1.226116265,60.05788712
3/31/2022,4/28/2022,META,27904000000,6005000000,7707000000,1.2301E+11,1.64E+11,40990000000,,2725000000,24740.48,0.36939264,4.284717333,4463.86,63.1,-0.4063,255821,3.8,0.13,3328.491,205.7299957,211.1300049,5.400009155,1,1.468965023,60.18348624
6/30/2022,7/28/2022,META,28818000000,5192000000,8690000000,1.25988E+11,1.70E+11,44012000000,,2704000000,25248.476,1.05946385,5.043240667,4105.67,57.9,-0.1295,199421,3.6,0.19,3521.785,160.7200012,159.9299927,-0.790008545,0,1.527239919,62.86982249
9/30/2022,10/27/2022,META,27710000000,5716000000,9170000000,1.242E+11,1.79E+11,54800000000,,2682000000,25723.941,1.04068297,6.003276333,3980.35,56.1,-0.2758,191141,3.6,0.07,3347.843,97.94000244,93.16000366,-4.779998779,0,1.977625406,66.74123788
12/31/2022,2/2/2023,META,31920000000,8336000000,9771000000,1.25986E+11,1.86E+11,60014000000,,2639000000,26137.992,1.76805674,6.484403333,3851.97,58.8,-0.1566,188009,3.6,0.88,3185.64,188.7700043,186.0599976,-2.710006714,0,1.880137845,70.4812429
6/30/2019,7/19/2019,NFLX,4923000000,3006000000,383233000,6105000000,30171000000,24066000000,,437835000,21272.448,0.46067806,2.408969333,2882.33,98.5,-0.513,126995,3.6,0.47,2311.3,315.1000061,310.6199951,-4.480010986,0,4.888482633,68.90952071
9/30/2019,10/18/2019,NFLX,5245000000,3098000000,379776000,6862000000,30942000000,24080000000,,438251000,21531.839,0.36520973,2.565620333,2957.85,93.8,-0.2285,120227,3.6,0.35,2269.075,275.2999878,278.0499878,2.75,1,4.591039085,70.60337569
12/31/2019,1/29/2020,NFLX,5467000000,3466000000,537227000,7582000000,33976000000,26394000000,,438807000,21706.532,0.43873377,2.749306333,3082.76,97.2,-0.1624,155655,3.6,0.71,2383.929,343.1600037,345.0899963,1.929992676,1,4.827876349,77.4281176
3/31/2020,4/21/2020,NFLX,5768000000,3600000000,453817000,8409000000,35060000000,26651000000,,439781000,21538.032,0.23108155,2.752460667,3055.87,96.6,0.9415,170156,3.8,33.45,2202.657,433.8299866,426.7000122,-7.129974365,0,4.620492372,79.72149775
6/30/2020,7/20/2020,NFLX,6148000000,3644000000,435045000,9334000000,37175000000,27841000000,,441015000,19636.731,-0.09771677,2.122902,2931.69,74.1,1.0473,239587,13,33.35,2078.07,502.4100037,489.8200073,-12.58999634,0,4.528464541,84.29418501
9/30/2020,10/22/2020,NFLX,6436000000,3868000000,453802000,10334000000,38623000000,28289000000,,441795000,21362.428,-0.36527181,2.238408667,3319.83,75.7,-0.0865,221081,8.8,0.02,2702.715,485.230011,488.2399902,3.009979248,1,4.395431945,87.42289976
12/31/2020,1/28/2021,NFLX,6644000000,4165000000,486936000,11065000000,39280000000,28215000000,,442895000,21704.706,-0.24600518,1.785781667,3554.5,79.8,-0.1765,245243,6.8,0.21,2615.907,538.5999756,539.039978,0.440002441,1,4.246688742,88.6891927
3/31/2021,4/22/2021,NFLX,7163000000,3869000000,525207000,12884000000,40123000000,27239000000,,443384000,22313.85,-0.15111138,1.583668333,3865.71,80.2,-0.5785,261600,6.2,0,2937.989,508.7799988,510.2999878,1.519989014,1,3.802736284,90.4926655
6/30/2021,7/22/2021,NFLX,7342000000,4018000000,537321000,13864000000,40971000000,27107000000,,442596000,23046.934,0.04977656,2.491358,4183.63,85.6,-0.9187,268350,5.9,0.15,3209.367,511.769989,516.4899902,4.720001221,1,3.692045764,92.56974758
9/30/2021,10/21/2021,NFLX,7483000000,4207000000,563887000,15315000000,42740000000,27425000000,,442952000,23550.42,-0.14023619,2.432303667,4421.67,74.8,-0.7987,270392,5.1,0.18,3214.189,653.1599731,671.6599731,18.5,1,3.664973941,96.4890101
12/31/2021,1/27/2022,NFLX,7709000000,5240000000,647470000,15850000000,44585000000,28735000000,,443963000,24349.121,0.1145294,3.244694,4602.11,69.9,-0.6983,260115,4.2,0.11,3190.746,386.7000122,427.1400146,40.44000244,1,3.727461409,100.4250354
3/31/2022,4/21/2022,NFLX,7868000000,4285000000,657530000,17544000000,45331000000,27787000000,,444274000,24740.48,0.36939264,4.284717333,4463.86,63.1,-0.4063,255821,3.8,0.13,3328.491,218.2200012,209.9100037,-8.309997559,0,3.531647178,102.03388
6/30/2022,7/21/2022,NFLX,7970000000,4691000000,716846000,19076000000,46351000000,27275000000,,444706000,25248.476,1.05946385,5.043240667,4105.67,57.9,-0.1295,199421,3.6,0.19,3521.785,223.8800049,218.5099945,-5.370010376,0,3.422208281,104.2284116
9/30/2022,10/20/2022,NFLX,7926000000,4789000000,662739000,20528000000,47562000000,27034000000,,445020000,25723.941,1.04068297,6.003276333,3980.35,56.1,-0.2758,191141,3.6,0.07,3347.843,268.1600037,282.4500122,14.29000854,1,3.410799899,106.8760955
12/31/2022,1/26/2023,NFLX,7852000000,5404000000,673926000,20778000000,48595000000,27817000000,,445347000,26137.992,1.76805674,6.484403333,3851.97,58.8,-0.1566,188009,3.6,0.88,3185.64,364.8699951,353.1099854,-11.76000977,0,3.542664289,109.1171603
3/31/2023,4/21/2023,NFLX,8162000000,4804000000,687275000,21828000000,49490000000,27662000000,,444537000,26629.7225,1.7543125,6.53331693,3610.215,55.3,-0.09135,155669,3.5,0.85,3358.188149,327.980011,327.980011,0,1,3.389120314,111.3293157
10/31/2020,12/4/2020,CRM,5412000000,1394000000,902000000,40310000000,59136000000,18826000000,,911000000,21704.706,-0.24600518,1.785781667,3554.5,79.8,-0.1765,245243,6.8,0.21,2615.907,225.8600006,227.6999969,1.839996338,1,3.478566149,64.91328211
1/31/2021,3/17/2021,CRM,6122000000,1479000000,939000000,41493000000,66301000000,24808000000,,919000000,22313.85,-0.15111138,1.583668333,3865.71,80.2,-0.5785,261600,6.2,0,2937.989,213.1199951,212.1999969,-0.919998169,0,4.0522705,72.14472252
4/30/2021,6/2/2021,CRM,6369000000,1555000000,951000000,42567000000,64885000000,22318000000,,921000000,23046.934,0.04977656,2.491358,4183.63,85.6,-0.9187,268350,5.9,0.15,3209.367,234.6199951,237.4799957,2.86000061,1,3.504160779,70.45059718
7/31/2021,8/27/2021,CRM,7085000000,1613000000,1020000000,55520000000,88658000000,33138000000,,933000000,23550.42,-0.14023619,2.432303667,4421.67,74.8,-0.7987,270392,5.1,0.18,3214.189,266.5299988,264.9700012,-1.559997559,0,4.677205363,95.02465166
10/31/2021,12/2/2021,CRM,7403000000,1844000000,1203000000,57054000000,87436000000,30382000000,,980000000,24349.121,0.1145294,3.244694,4602.11,69.9,-0.6983,260115,4.2,0.11,3190.746,261.2000122,258.75,-2.450012207,0,4.104011887,89.22040816
1/31/2022,3/11/2022,CRM,7272000000,2014000000,1291000000,58131000000,95209000000,37078000000,,989000000,24740.48,0.36939264,4.284717333,4463.86,63.1,-0.4063,255821,3.8,0.13,3328.491,197.8999939,193.1199951,-4.779998779,0,5.098734873,96.26794742
4/30/2022,6/1/2022,CRM,7492000000,2045000000,1318000000,58876000000,93022000000,34146000000,,991000000,25248.476,1.05946385,5.043240667,4105.67,57.9,-0.1295,199421,3.6,0.19,3521.785,176.0700073,184.9100037,8.839996338,1,4.557661506,93.86680121
7/31/2022,8/25/2022,CRM,7839000000,2127000000,1329000000,60098000000,94148000000,34050000000,,997000000,25723.941,1.04068297,6.003276333,3980.35,56.1,-0.2758,191141,3.6,0.07,3347.843,173.9100037,160.2100067,-13.69999695,0,4.343666284,94.43129388
10/31/2022,12/1/2022,CRM,7786000000,2088000000,1280000000,59351000000,91884000000,32533000000,,997000000,26137.992,1.76805674,6.484403333,3851.97,58.8,-0.1566,188009,3.6,0.88,3185.64,147,133.9299927,-13.07000732,0,4.178397123,92.16048144
1/31/2023,3/8/2023,CRM,8096000000,2100000000,1128000000,58359000000,98849000000,40490000000,,1009000000,26629.7225,1.7543125,6.53331693,3610.215,55.3,-0.09135,155669,3.5,0.85,3358.188149,182.9499969,173.1799927,-9.770004272,0,5.001235178,97.96729435
3/31/2018,5/3/2018,AMD,1615000000,1050000000,343000000,715000000,3763000000,3048000000,715000000,969000000,20155.486,0.99726438,2.222466,2733.48,98.9,-0.3239,156478,4,0.13,2202.037,10.93000031,11.59000015,0.659999847,1,1.887306502,3.883384933
6/30/2018,8/2/2018,AMD,1725000000,1104000000,357000000,879000000,4103000000,3224000000,750000000,975000000,20470.197,1.15872476,2.530544333,2703.13,98.3,-0.1825,136813,3.9,0.1,2258.834,18.79000092,19.43000031,0.63999939,1,1.868985507,4.208205128
12/31/2022,2/27/2023,AMD,5732000000,3196000000,1366000000,54750000000,67580000000,12830000000,3771000000,1612000000,26137.992,1.76805674,6.484403333,3851.97,58.8,-0.1566,188009,3.6,0.88,3185.64,78.76999664,78.29000092,-0.479995728,0,2.238311235,41.92307692
3/31/2018,4/27/2018,INTC,16678000000,6335000000,3311000000,70569000000,1.29E+11,58431000000,7146000000,4660000000,20155.486,0.99726438,2.222466,2733.48,98.9,-0.3239,156478,4,0.13,2202.037,45.66156006,44.70035553,-0.961204529,0,3.503477635,27.68240343
6/30/2018,7/27/2018,INTC,16713000000,6543000000,3371000000,70075000000,1.26E+11,55925000000,7344000000,4611000000,20470.197,1.15872476,2.530544333,2703.13,98.3,-0.1825,136813,3.9,0.1,2258.834,41.52680588,41.53551865,0.008712769,1,3.346197571,27.32595966
12/31/2022,1/27/2023,INTC,14042000000,8542000000,4464000000,1.0132E+11,1.82E+11,80680000000,13224000000,4137000000,26137.992,1.76805674,6.484403333,3851.97,58.8,-0.1566,188009,3.6,0.88,3185.64,27.82100296,27.61353302,-0.20746994,0,5.745620282,43.99323181
3/31/2018,4/26/2018,PYPL,7375000000,1580000000,258000000,14641000000,42322000000,27681000000,6537000000,1183000000,20155.486,0.99726438,2.222466,2733.48,98.9,-0.3239,156478,4,0.13,2202.037,76.02999878,74.61000061,-1.419998169,0,3.753355932,35.77514793
6/30/2018,7/26/2018,PYPL,3857000000,1696000000,255000000,15019000000,41677000000,26658000000,6870000000,1184000000,20470.197,1.15872476,2.530544333,2703.13,98.3,-0.1825,136813,3.9,0.1,2258.834,89.13999939,82.38999939,-6.75,0,6.911589318,35.20016892
9/30/2018,10/23/2018,PYPL,3661000000,1661000000,269000000,15115000000,43724000000,28609000000,,1178000000,20687.278,1.18087408,2.471481667,2849.6,98.1,-0.6204,134561,3.8,0.11,2274.868,87.56999969,85.95999908,-1.61000061,0,7.814531549,37.11714771
12/31/2018,2/7/2019,PYPL,4283000000,3400000000,289000000,15386000000,43332000000,27946000000,,1174000000,20819.269,1.28791727,2.452050667,2698.93,98.1,-0.1487,139445,3.8,0.23,2295.174,90.84999847,92.69000244,1.840003967,1,6.524865748,36.90971039
3/31/2019,4/25/2019,PYPL,4128000000,2278000000,511000000,15157000000,46280000000,31123000000,,1172000000,21013.085,0.87527495,2.387288333,2721,94.5,-0.3621,123508,3.9,0.73,2254.933,110.2200012,112.4400024,2.220001221,1,7.539486434,39.48805461
6/30/2019,7/25/2019,PYPL,4305000000,2344000000,483000000,16139000000,48391000000,32252000000,,1177000000,21272.448,0.46067806,2.408969333,2882.33,98.5,-0.513,126995,3.6,0.47,2311.3,115.1200027,111.4499969,-3.670005798,0,7.491753775,41.11384877
9/30/2019,10/24/2019,PYPL,4378000000,2431000000,533000000,16483000000,50223000000,33740000000,,1174000000,21531.839,0.36520973,2.565620333,2957.85,93.8,-0.2285,120227,3.6,0.35,2269.075,104.9100037,106.5999985,1.689994812,1,7.706715395,42.77938671
12/31/2019,2/6/2020,PYPL,4961000000,2732000000,558000000,16929000000,51333000000,34404000000,,1173000000,21706.532,0.43873377,2.749306333,3082.76,97.2,-0.1624,155655,3.6,0.71,2383.929,119.8899994,120.0599976,0.169998169,1,6.934892159,43.76214834
3/31/2020,5/7/2020,PYPL,4618000000,2729000000,605000000,16011000000,54266000000,38255000000,,1173000000,21538.032,0.23108155,2.752460667,3055.87,96.6,0.9415,170156,3.8,33.45,2202.657,146.2899933,143.9600067,-2.329986572,0,8.283889129,46.2625746
6/30/2020,7/30/2020,PYPL,5261000000,2283000000,631000000,17684000000,63166000000,45482000000,,1173000000,19636.731,-0.09771677,2.122902,2931.69,74.1,1.0473,239587,13,33.35,2078.07,192.5099945,197.0700073,4.560012817,1,8.645124501,53.84995737
9/30/2020,11/3/2020,PYPL,5459000000,2366000000,674000000,18527000000,65582000000,47055000000,,1172000000,21362.428,-0.36527181,2.238408667,3319.83,75.7,-0.0865,221081,8.8,0.02,2702.715,179.8099976,204.5599976,24.75,1,8.61971057,55.95733788
12/31/2020,2/5/2021,PYPL,6116000000,2696000000,732000000,20063000000,70379000000,50316000000,,1172000000,21704.706,-0.24600518,1.785781667,3554.5,79.8,-0.1765,245243,6.8,0.21,2615.907,269.4400024,282.1700134,12.73001099,1,8.226945716,60.0503413
3/31/2021,5/6/2021,PYPL,6033000000,3066000000,741000000,19441000000,72517000000,53076000000,,1174000000,22313.85,-0.15111138,1.583668333,3865.71,80.2,-0.5785,261600,6.2,0,2937.989,252.0200043,243.6300049,-8.38999939,0,8.797613128,61.76916525
6/30/2021,7/29/2021,PYPL,6238000000,2693000000,746000000,20905000000,73816000000,52911000000,,1175000000,23046.934,0.04977656,2.491358,4183.63,85.6,-0.9187,268350,5.9,0.15,3209.367,283.1700134,270.9899902,-12.18002319,0,8.482045527,62.82212766
9/30/2021,11/9/2021,PYPL,6182000000,2832000000,755000000,22090000000,74534000000,52444000000,,1174000000,23550.42,-0.14023619,2.432303667,4421.67,74.8,-0.7987,270392,5.1,0.18,3214.189,205.4199982,202.0299988,-3.38999939,0,8.483338725,63.48722317
12/31/2021,2/3/2022,PYPL,6918000000,3302000000,796000000,21727000000,75803000000,54076000000,,1168000000,24349.121,0.1145294,3.244694,4602.11,69.9,-0.6983,260115,4.2,0.11,3190.746,124.3000031,121.4100037,-2.88999939,0,7.816710032,64.89982877
3/31/2022,4/28/2022,PYPL,6483000000,3186000000,815000000,20603000000,75805000000,55202000000,,1161000000,24740.48,0.36939264,4.284717333,4463.86,63.1,-0.4063,255821,3.8,0.13,3328.491,92.08999634,91.52999878,-0.559997559,0,8.514885084,65.29285099
6/30/2022,8/3/2022,PYPL,6806000000,3492000000,815000000,19767000000,77810000000,58043000000,,1156000000,25248.476,1.05946385,5.043240667,4105.67,57.9,-0.1295,199421,3.6,0.19,3521.785,97.91999817,95.31999969,-2.599998474,0,8.528210403,67.30968858
9/30/2022,11/4/2022,PYPL,6846000000,3355000000,801000000,20264000000,76435000000,56171000000,,1147000000,25723.941,1.04068297,6.003276333,3980.35,56.1,-0.2758,191141,3.6,0.07,3347.843,75.18000031,77.66000366,2.480003357,1,8.20493719,66.63905841
12/31/2022,2/10/2023,PYPL,7383000000,3712000000,822000000,20274000000,78717000000,58443000000,,1136000000,26137.992,1.76805674,6.484403333,3851.97,58.8,-0.1566,188009,3.6,0.88,3185.64,80.80000305,79.44999695,-1.350006104,0,7.91588785,69.2931338
3/31/2018,5/3/2018,ATVI,1965000000,662000000,259000000,9819000000,18397000000,8578000000,42000000,759000000,20155.486,0.99726438,2.222466,2733.48,98.9,-0.3239,156478,4,0.13,2202.037,65.14981842,68.61109161,3.461273193,1,4.365394402,24.23847167
6/30/2018,8/2/2018,ATVI,1641000000,510000000,255000000,10346000000,17958000000,7612000000,36000000,761000000,20470.197,1.15872476,2.530544333,2703.13,98.3,-0.1825,136813,3.9,0.1,2258.834,72.20885468,68.80608368,-3.402770996,0,4.638634979,23.5978975
9/30/2018,11/8/2018,ATVI,1440000000,513000000,263000000,10659000000,16713000000,6054000000,174000000,763000000,20687.278,1.18087408,2.471481667,2849.6,98.1,-0.6204,134561,3.8,0.11,2274.868,61.22055054,52.54301071,-8.677539825,0,4.204166667,21.90432503
12/31/2018,2/28/2019,ATVI,2381000000,832000000,325000000,11392000000,17890000000,6498000000,43000000,765000000,20819.269,1.28791727,2.452050667,2698.93,98.1,-0.1487,139445,3.8,0.23,2295.174,41.08670044,40.74545288,-0.341247559,0,2.729105418,23.38562092
3/31/2019,5/2/2019,ATVI,1802000000,563000000,249000000,11596000000,17948000000,6352000000,45000000,764000000,21013.085,0.87527495,2.387288333,2721,94.5,-0.3621,123508,3.9,0.73,2254.933,48.69957352,47.33343124,-1.366142273,0,3.524972253,23.4921466
6/30/2019,8/8/2019,ATVI,1373000000,433000000,244000000,11977000000,17495000000,5518000000,46000000,766000000,21272.448,0.46067806,2.408969333,2882.33,98.5,-0.513,126995,3.6,0.47,2311.3,48.48334885,46.27196884,-2.211380005,0,4.018936635,22.83942559
9/30/2019,11/7/2019,ATVI,1259000000,442000000,210000000,12235000000,17805000000,5570000000,102000000,767000000,21531.839,0.36520973,2.565620333,2957.85,93.8,-0.2285,120227,3.6,0.35,2269.075,53.61375809,51.61860275,-1.995155334,0,4.424146148,23.21382008
12/31/2019,2/27/2020,ATVI,1986000000,657000000,296000000,12805000000,19845000000,7040000000,32000000,770000000,21706.532,0.43873377,2.749306333,3082.76,97.2,-0.1624,155655,3.6,0.71,2383.929,57.32888412,59.55009079,2.221206665,1,3.544813696,25.77272727
3/31/2020,5/5/2020,ATVI,1765000000,505000000,238000000,13021000000,19604000000,6583000000,,769000000,21538.032,0.23108155,2.752460667,3055.87,96.6,0.9415,170156,3.8,33.45,2202.657,67.79679108,72.31790161,4.521110535,1,3.729745042,25.49284785
6/30/2020,8/4/2020,ATVI,1909000000,469000000,291000000,13682000000,20220000000,6538000000,,771000000,19636.731,-0.09771677,2.122902,2931.69,74.1,1.0473,239587,13,33.35,2078.07,85.52506256,85.9108963,0.38583374,1,3.424829754,26.22568093
9/30/2020,10/29/2020,ATVI,1896000000,469000000,274000000,14382000000,21577000000,7195000000,,772000000,21362.428,-0.36527181,2.238408667,3319.83,75.7,-0.0865,221081,8.8,0.02,2702.715,76.93792725,75.5825882,-1.35533905,0,3.794831224,27.94948187
12/31/2020,2/23/2021,ATVI,2385000000,817000000,348000000,15037000000,23109000000,8072000000,,771000000,21704.706,-0.24600518,1.785781667,3554.5,79.8,-0.1765,245243,6.8,0.21,2615.907,95.38839722,94.08251953,-1.305877686,0,3.384486373,29.97276265
3/31/2021,5/4/2021,ATVI,2247000000,578000000,353000000,15331000000,23425000000,8094000000,,775000000,22313.85,-0.15111138,1.583668333,3865.71,80.2,-0.5785,261600,6.2,0,2937.989,88.16593933,92.48028564,4.314346313,1,3.602136182,30.22580645
6/30/2021,8/3/2021,ATVI,2285000000,555000000,335000000,16286000000,23572000000,7286000000,,777000000,23046.934,0.04977656,2.491358,4183.63,85.6,-0.9187,268350,5.9,0.15,3209.367,79.35829163,79.84539032,0.487098694,1,3.188621444,30.33719434
9/30/2021,11/2/2021,ATVI,2043000000,527000000,329000000,16950000000,23977000000,7027000000,,778000000,23550.42,-0.14023619,2.432303667,4421.67,74.8,-0.7987,270392,5.1,0.18,3214.189,77.21105194,67.82683563,-9.384216309,0,3.439549682,30.81876607
12/31/2021,2/25/2022,ATVI,2136000000,658000000,321000000,17599000000,25056000000,7457000000,,777000000,24349.121,0.1145294,3.244694,4602.11,69.9,-0.6983,260115,4.2,0.11,3190.746,80.95877838,81.01841736,0.059638977,1,3.491104869,32.24710425
3/31/2022,5/3/2022,ATVI,1741000000,479000000,346000000,17831000000,25012000000,7181000000,,780000000,24740.48,0.36939264,4.284717333,4463.86,63.1,-0.4063,255821,3.8,0.13,3328.491,78.77999878,78.76000214,-0.019996643,0,4.124641011,32.06666667
6/30/2022,8/1/2022,ATVI,1617000000,485000000,311000000,18248000000,24994000000,6746000000,,782000000,25248.476,1.05946385,5.043240667,4105.67,57.9,-0.1295,199421,3.6,0.19,3521.785,80.08000183,80.58999634,0.509994507,1,4.171923315,31.96163683
9/30/2022,11/7/2022,ATVI,1755000000,502000000,277000000,18808000000,25620000000,6812000000,,782000000,25723.941,1.04068297,6.003276333,3980.35,56.1,-0.2758,191141,3.6,0.07,3347.843,71.09999847,71.66000366,0.560005188,1,3.881481481,32.76214834
12/31/2022,2/23/2023,ATVI,2307000000,756000000,486000000,19243000000,27383000000,8140000000,,785000000,26137.992,1.76805674,6.484403333,3851.97,58.8,-0.1566,188009,3.6,0.88,3185.64,77.06999969,76.73999786,-0.330001831,0,3.528391851,34.88280255
3/31/2018,5/23/2018,EA,1582000000,233000000,335000000,4595000000,8584000000,3989000000,,306000000,20155.486,0.99726438,2.222466,2733.48,98.9,-0.3239,156478,4,0.13,2202.037,131.6891937,130.0615692,-1.627624512,0,2.521491783,28.05228758
6/30/2018,8/8/2018,EA,1137000000,215000000,362000000,5260000000,8247000000,2987000000,,305000000,20470.197,1.15872476,2.530544333,2703.13,98.3,-0.1825,136813,3.9,0.1,2258.834,126.6682053,129.5387878,2.870582581,1,2.62708883,27.03934426
9/30/2018,11/6/2018,EA,1286000000,418000000,339000000,5317000000,8450000000,3133000000,,304000000,20687.278,1.18087408,2.471481667,2849.6,98.1,-0.6204,134561,3.8,0.11,2274.868,90.97896576,92.59672546,1.617759705,1,2.436236392,27.79605263
12/31/2018,2/6/2019,EA,1289000000,413000000,334000000,5344000000,8857000000,3513000000,,302000000,20819.269,1.28791727,2.452050667,2698.93,98.1,-0.1487,139445,3.8,0.23,2295.174,79.12201691,96.27612305,17.15410614,1,2.725368503,29.32781457
3/31/2019,5/24/2019,EA,1238000000,276000000,398000000,5331000000,8957000000,3626000000,,298000000,21013.085,0.87527495,2.387288333,2721,94.5,-0.3621,123508,3.9,0.73,2254.933,91.01844025,92.23173523,1.213294983,1,2.928917609,30.05704698
6/30/2019,8/6/2019,EA,1209000000,187000000,381000000,6485000000,9749000000,3264000000,,296000000,21272.448,0.46067806,2.408969333,2882.33,98.5,-0.513,126995,3.6,0.47,2311.3,88.87784576,93.9382782,5.060432434,1,2.699751861,32.93581081
9/30/2019,11/6/2019,EA,1348000000,405000000,387000000,7158000000,10593000000,3435000000,,293000000,21531.839,0.36520973,2.565620333,2957.85,93.8,-0.2285,120227,3.6,0.35,2269.075,97.33161163,96.93704987,-0.394561768,0,2.548219585,36.15358362
12/31/2019,2/4/2020,EA,1593000000,508000000,389000000,7237000000,11161000000,3924000000,,291000000,21706.532,0.43873377,2.749306333,3082.76,97.2,-0.1624,155655,3.6,0.71,2383.929,105.6176758,108.5079346,2.890258789,1,2.463276836,38.35395189
3/31/2020,5/20/2020,EA,1387000000,269000000,402000000,7461000000,11112000000,3651000000,,288000000,21538.032,0.23108155,2.752460667,3055.87,96.6,0.9415,170156,3.8,33.45,2202.657,117.9283905,118.194725,0.266334534,1,2.632299928,38.58333333
6/30/2020,8/7/2020,EA,1459000000,288000000,438000000,7782000000,11284000000,3502000000,,289000000,19636.731,-0.09771677,2.122902,2931.69,74.1,1.0473,239587,13,33.35,2078.07,142.0368652,138.7915192,-3.245346069,0,2.40027416,39.0449827
9/30/2020,11/10/2020,EA,1151000000,286000000,421000000,8075000000,11470000000,3395000000,,290000000,21362.428,-0.36527181,2.238408667,3319.83,75.7,-0.0865,221081,8.8,0.02,2702.715,117.3168106,117.7015076,0.38469696,1,2.949609036,39.55172414
12/31/2020,2/8/2021,EA,1673000000,601000000,451000000,7963000000,12420000000,4457000000,,288000000,21704.706,-0.24600518,1.785781667,3554.5,79.8,-0.1765,245243,6.8,0.21,2615.907,140.7148895,142.838562,2.123672485,1,2.664076509,43.125
3/31/2021,5/26/2021,EA,1346000000,319000000,468000000,7840000000,13288000000,5448000000,,286000000,22313.85,-0.15111138,1.583668333,3865.71,80.2,-0.5785,261600,6.2,0,2937.989,142.4024811,141.3541718,-1.048309326,0,4.047548291,46.46153846
6/30/2021,8/10/2021,EA,1551000000,315000000,515000000,7728000000,12734000000,5006000000,,285000000,23046.934,0.04977656,2.491358,4183.63,85.6,-0.9187,268350,5.9,0.15,3209.367,135.6806335,137.6213226,1.940689087,1,3.2275951,44.68070175
9/30/2021,11/9/2021,EA,1826000000,494000000,553000000,7856000000,13019000000,5163000000,,284000000,23550.42,-0.14023619,2.432303667,4421.67,74.8,-0.7987,270392,5.1,0.18,3214.189,138.5778503,143.1974335,4.61958313,1,2.827491785,45.8415493
12/31/2021,2/8/2022,EA,1789000000,631000000,539000000,7617000000,13930000000,6313000000,,282000000,24349.121,0.1145294,3.244694,4602.11,69.9,-0.6983,260115,4.2,0.11,3190.746,133.3843384,133.9898834,0.605545044,1,3.528787032,49.39716312
3/31/2022,5/25/2022,EA,1825000000,419000000,579000000,7625000000,13800000000,6175000000,,280000000,24740.48,0.36939264,4.284717333,4463.86,63.1,-0.4063,255821,3.8,0.13,3328.491,136.5263214,137.6992493,1.172927856,1,3.383561644,49.28571429
6/30/2022,8/9/2022,EA,1767000000,314000000,572000000,7641000000,13192000000,5551000000,,279000000,25248.476,1.05946385,5.043240667,4105.67,57.9,-0.1295,199421,3.6,0.19,3521.785,128.6789246,129.0770569,0.398132324,1,3.141482739,47.28315412
9/30/2022,11/8/2022,EA,1904000000,462000000,565000000,7798000000,13079000000,5281000000,,278000000,25723.941,1.04068297,6.003276333,3980.35,56.1,-0.2758,191141,3.6,0.07,3347.843,128.6884308,129.8845825,1.196151733,1,2.773634454,47.04676259
12/31/2022,2/7/2023,EA,1881000000,568000000,556000000,7551000000,13470000000,5919000000,,275000000,26137.992,1.76805674,6.484403333,3851.97,58.8,-0.1566,188009,3.6,0.88,3185.64,113.9847183,111.5988083,-2.385910034,0,3.146730463,48.98181818
3/31/2018,5/10/2018,TTD,84968000,22897000,17701000,262931000,739056000,476125000,,41629000,20155.486,0.99726438,2.222466,2733.48,98.9,-0.3239,156478,4,0.13,2202.037,5.272999763,7.492000103,2.21900034,1,5.603580171,17.75339307
6/30/2018,8/9/2018,TTD,111269000,26601000,19484000,300974000,839405000,538431000,,42174000,20470.197,1.15872476,2.530544333,2703.13,98.3,-0.1825,136813,3.9,0.1,2258.834,9.329000473,12.56900024,3.239999771,1,4.839002777,19.90337649
9/30/2018,11/9/2018,TTD,118667000,29344000,22621000,337014000,873713000,536699000,,42721000,20687.278,1.18087408,2.471481667,2849.6,98.1,-0.6204,134561,3.8,0.11,2274.868,12.25699997,11.09300041,-1.163999557,0,4.522731678,20.4516046
12/31/2018,2/22/2019,TTD,158921000,35256000,24086000,394695000,1118000000,723305000,,43234000,20819.269,1.28791727,2.452050667,2698.93,98.1,-0.1487,139445,3.8,0.23,2295.174,19.77300072,19.76199913,-0.011001587,0,4.551349413,25.85927742
3/31/2019,5/9/2019,TTD,120654000,33651000,25312000,429021000,1082000000,652979000,,43906000,21013.085,0.87527495,2.387288333,2721,94.5,-0.3621,123508,3.9,0.73,2254.933,18.99200058,17.6760006,-1.315999985,0,5.411996287,24.64355669
6/30/2019,8/9/2019,TTD,161598000,35330000,29452000,491770000,1239000000,747230000,,44404000,21272.448,0.46067806,2.408969333,2882.33,98.5,-0.513,126995,3.6,0.47,2311.3,27.19400024,25.50799942,-1.686000824,0,4.624005248,27.90289163
9/30/2019,11/8/2019,TTD,166366000,39932000,29185000,535353000,1415000000,879647000,,44771000,21531.839,0.36520973,2.565620333,2957.85,93.8,-0.2285,120227,3.6,0.35,2269.075,19.5529995,21.70100021,2.148000717,1,5.287420507,31.6052802
12/31/2019,2/28/2020,TTD,217423000,47267000,32803000,613000000,1729000000,1116000000,,45043000,21706.532,0.43873377,2.749306333,3082.76,97.2,-0.1624,155655,3.6,0.71,2383.929,28.72500038,28.81100082,0.086000443,1,5.13285163,38.3855427
3/31/2020,5/8/2020,TTD,161508000,40208000,36794000,674000000,1767000000,1093000000,,45501000,21538.032,0.23108155,2.752460667,3055.87,96.6,0.9415,170156,3.8,33.45,2202.657,31.54999924,30.53300095,-1.016998291,0,6.767466627,38.83431133
6/30/2020,8/7/2020,TTD,139762000,42133000,40058000,758000000,1849000000,1091000000,,46136000,19636.731,-0.09771677,2.122902,2931.69,74.1,1.0473,239587,13,33.35,2078.07,49.31999969,46.57300186,-2.746997833,0,7.80612756,40.07716317
9/30/2020,11/6/2020,TTD,216826000,44826000,41079000,832000000,2138000000,1306000000,,46582000,21362.428,-0.36527181,2.238408667,3319.83,75.7,-0.0865,221081,8.8,0.02,2702.715,81.93399811,76.13700104,-5.79699707,0,6.023262893,45.897557
12/31/2020,2/19/2021,TTD,321251000,51645000,48723000,1014000000,2754000000,1740000000,,46923000,21704.706,-0.24600518,1.785781667,3554.5,79.8,-0.1765,245243,6.8,0.21,2615.907,90.33499908,84.52200317,-5.812995911,0,5.416325552,58.69189949
3/31/2021,5/10/2021,TTD,220769000,50500000,53918000,1085000000,2603000000,1518000000,,47282000,22313.85,-0.15111138,1.583668333,3865.71,80.2,-0.5785,261600,6.2,0,2937.989,48.95999908,50.47600174,1.516002655,1,6.875965376,55.05266275
6/30/2021,8/9/2021,TTD,280282000,50809000,53536000,1202000000,2793000000,1591000000,,475512000,23046.934,0.04977656,2.491358,4183.63,85.6,-0.9187,268350,5.9,0.15,3209.367,81.31999969,82.40000153,1.080001831,1,5.676425885,5.873668803
9/30/2021,11/8/2021,TTD,300372000,53400000,55847000,1303000000,2989000000,1686000000,,478101000,23550.42,-0.14023619,2.432303667,4421.67,74.8,-0.7987,270392,5.1,0.18,3214.189,88.75,88.66000366,-0.089996338,0,5.613039831,6.251817085
12/31/2021,2/16/2022,TTD,394997000,66845000,62836000,1527000000,3577000000,2050000000,,480916000,24349.121,0.1145294,3.244694,4602.11,69.9,-0.6983,260115,4.2,0.11,3190.746,80.91000366,78.05000305,-2.86000061,0,5.189912835,7.437889361
3/31/2022,5/10/2022,TTD,315668000,63890000,71999000,1649000000,3433000000,1784000000,,484190000,24740.48,0.36939264,4.284717333,4463.86,63.1,-0.4063,255821,3.8,0.13,3328.491,43.75,44.84000015,1.090000153,1,5.65150728,7.090191867
6/30/2022,8/9/2022,TTD,377922000,67490000,83483000,1780000000,3673000000,1893000000,,486310000,25248.476,1.05946385,5.043240667,4105.67,57.9,-0.1295,199421,3.6,0.19,3521.785,54.5,71.58999634,17.08999634,1,5.008970105,7.552795542
9/30/2022,11/9/2022,TTD,397106000,70124000,79915000,1914000000,3924000000,2010000000,,487963000,25723.941,1.04068297,6.003276333,3980.35,56.1,-0.2758,191141,3.6,0.07,3347.843,39.88999939,48.77000046,8.880001068,1,5.061620827,8.041593318
12/31/2022,2/15/2023,TTD,503305000,79619000,84479000,2116000000,4381000000,2265000000,,489244000,26137.992,1.76805674,6.484403333,3851.97,58.8,-0.1566,188009,3.6,0.88,3185.64,66.30000305,60.29999924,-6.000003815,0,4.500253326,8.954632045
3/31/2018,5/10/2018,MTCH,995075000,201962000,76937000,2495000000,6031000000,3536000000,,82983000,20155.486,0.99726438,2.222466,2733.48,98.9,-0.3239,156478,4,0.13,2202.037,37.03300858,36.25256729,-0.780441284,0,3.553500992,72.67753636
6/30/2018,8/9/2018,MTCH,1069000000,218224000,75445000,2576000000,6235000000,3659000000,,83604000,20470.197,1.15872476,2.530544333,2703.13,98.3,-0.1825,136813,3.9,0.1,2258.834,46.90276718,47.57851791,0.675750732,1,3.42282507,74.5777714
9/30/2018,11/9/2018,MTCH,1079000000,237238000,77740000,2600000000,6372000000,3772000000,,83433000,20687.278,1.18087408,2.471481667,2849.6,98.1,-0.6204,134561,3.8,0.11,2274.868,40.64970016,38.97460175,-1.675098419,0,3.495829472,76.3726583
12/31/2018,3/1/2019,MTCH,1117000000,-247424000,-98092000,2844000000,6875000000,4031000000,,83602000,20819.269,1.28791727,2.452050667,2698.93,98.1,-0.1487,139445,3.8,0.23,2295.174,55.59999847,54.47999954,-1.119998932,0,3.6087735,82.23487476
3/31/2019,5/9/2019,MTCH,464625000,120224000,88700000,2780000000,7160000000,4380000000,,83905000,21013.085,0.87527495,2.387288333,2721,94.5,-0.3621,123508,3.9,0.73,2254.933,67.15000153,69.23999786,2.089996338,1,9.426957224,85.33460461
6/30/2019,8/9/2019,MTCH,497973000,126665000,32680000,2983000000,8299000000,5316000000,,84139000,21272.448,0.46067806,2.408969333,2882.33,98.5,-0.513,126995,3.6,0.47,2311.3,85.62999725,82.63999939,-2.989997864,0,10.67527758,98.6344026
9/30/2019,11/7/2019,MTCH,541493000,138225000,36609000,2897000000,8305000000,5408000000,,84393000,21531.839,0.36520973,2.565620333,2957.85,93.8,-0.2285,120227,3.6,0.35,2269.075,69.69999695,68.69000244,-1.009994507,0,9.987202051,98.40863579
12/31/2019,2/28/2020,MTCH,547167000,142070000,38397000,2928000000,8365000000,5437000000,,84603000,21706.532,0.43873377,2.749306333,3082.76,97.2,-0.1624,155655,3.6,0.71,2383.929,65,68.13999939,3.13999939,1,9.936637261,98.8735624
3/31/2020,5/8/2020,MTCH,544642000,143894000,43770000,2425000000,8435000000,6010000000,,84839000,21538.032,0.23108155,2.752460667,3055.87,96.6,0.9415,170156,3.8,33.45,2202.657,79.98999786,79.94000244,-0.049995422,0,11.03477146,99.42361414
6/30/2020,8/10/2020,MTCH,555450000,148853000,41929000,-1708000000,2335000000,4043000000,,183477000,19636.731,-0.09771677,2.122902,2931.69,74.1,1.0473,239587,13,33.35,2078.07,115.6500015,115.9199982,0.269996643,1,7.278782969,12.72639077
9/30/2020,11/6/2020,MTCH,639770000,169823000,39280000,-1443000000,2670000000,4113000000,,260744000,21362.428,-0.36527181,2.238408667,3319.83,75.7,-0.0865,221081,8.8,0.02,2702.715,132.5599976,137.2200012,4.660003662,1,6.428872876,10.23992882
12/31/2020,2/25/2021,MTCH,651407000,173263000,44832000,-1415000000,3046000000,4461000000,,267329000,21704.706,-0.24600518,1.785781667,3554.5,79.8,-0.1765,245243,6.8,0.21,2615.907,151.7200012,156.5200043,4.800003052,1,6.848253089,11.39419966
3/31/2021,5/7/2021,MTCH,667612000,179455000,55576000,-1214000000,3215000000,4429000000,,270082000,22313.85,-0.15111138,1.583668333,3865.71,80.2,-0.5785,261600,6.2,0,2937.989,146.1900024,141.8099976,-4.380004883,0,6.634092856,11.90379218
6/30/2021,8/6/2021,MTCH,707760000,193099000,52133000,-142000000,4434000000,4576000000,,276653000,23046.934,0.04977656,2.491358,4183.63,85.6,-0.9187,268350,5.9,0.15,3209.367,145.7899933,141.1300049,-4.659988403,0,6.46546852,16.02729773
9/30/2021,11/8/2021,MTCH,801835000,232211000,66974000,-68000000,4894000000,4962000000,,277279000,23550.42,-0.14023619,2.432303667,4421.67,74.8,-0.7987,270392,5.1,0.18,3214.189,155.9100037,154.0500031,-1.86000061,0,6.188305574,17.65009251
12/31/2021,2/24/2022,MTCH,806070000,234543000,66366000,-204000000,5063000000,5267000000,,283470000,24349.121,0.1145294,3.244694,4602.11,69.9,-0.6983,260115,4.2,0.11,3190.746,113.0400009,111.4899979,-1.550003052,0,6.53417197,17.86079656
3/31/2022,5/6/2022,MTCH,798631000,236236000,78794000,-123000000,5043000000,5166000000,,285506000,24740.48,0.36939264,4.284717333,4463.86,63.1,-0.4063,255821,3.8,0.13,3328.491,74.06999969,70.70999908,-3.36000061,0,6.468569339,17.6633766
6/30/2022,8/5/2022,MTCH,794513000,240840000,86410000,-453000000,4194000000,4647000000,,283162000,25248.476,1.05946385,5.043240667,4105.67,57.9,-0.1295,199421,3.6,0.19,3521.785,67.77999878,68.11000061,0.330001831,1,5.848865909,14.81130943
9/30/2022,11/4/2022,MTCH,809546000,246962000,87880000,-699000000,3915000000,4614000000,,279277000,25723.941,1.04068297,6.003276333,3980.35,56.1,-0.2758,191141,3.6,0.07,3347.843,43.02000046,44.52999878,1.509998322,1,5.699490826,14.01834021
12/31/2022,2/24/2023,MTCH,786153000,235925000,80555000,-360000000,4183000000,4543000000,,279625000,26137.992,1.76805674,6.484403333,3851.97,58.8,-0.1566,188009,3.6,0.88,3185.64,41.34000015,41.38000107,0.040000916,1,5.778773343,14.95932052
3/31/2018,5/10/2018,YELP,223048000,14732000,51493000,1091654000,1218000000,126346000,,83597000,20155.486,0.99726438,2.222466,2733.48,98.9,-0.3239,156478,4,0.13,2202.037,47.75,42,-5.75,0,0.566452064,14.56990083
6/30/2018,8/9/2018,YELP,234902000,14708000,52789000,1098210000,1198000000,99790000,,83793000,20470.197,1.15872476,2.530544333,2703.13,98.3,-0.1825,136813,3.9,0.1,2258.834,48.33000183,46.93999863,-1.390003204,0,0.424815455,14.29713699
9/30/2018,11/9/2018,YELP,241171000,14177000,53764000,1129237000,1233000000,103763000,,84375000,20687.278,1.18087408,2.471481667,2849.6,98.1,-0.6204,134561,3.8,0.11,2274.868,31.93000031,34.06999969,2.13999939,1,0.430246589,14.61333333
12/31/2018,3/1/2019,YELP,243740000,14254000,47754000,1075955000,1176000000,100045000,,81997000,20819.269,1.28791727,2.452050667,2698.93,98.1,-0.1487,139445,3.8,0.23,2295.174,37.13000107,36.74000168,-0.38999939,0,0.410457865,14.34198812
3/31/2019,5/10/2019,YELP,236057000,14265000,58075000,994978000,1338000000,343022000,,79690000,21013.085,0.87527495,2.387288333,2721,94.5,-0.3621,123508,3.9,0.73,2254.933,34.02000046,31.55999947,-2.460000992,0,1.453132083,16.79006149
6/30/2019,8/9/2019,YELP,246952000,14975000,54566000,746022000,1083000000,336978000,,71752000,21272.448,0.46067806,2.408969333,2882.33,98.5,-0.513,126995,3.6,0.47,2311.3,36.77000046,34.93999863,-1.830001831,0,1.364548576,15.09365593
9/30/2019,11/8/2019,YELP,262454000,16514000,56661000,702795000,1029000000,326205000,,70200000,21531.839,0.36520973,2.565620333,2957.85,93.8,-0.2285,120227,3.6,0.35,2269.075,34.77000046,36.06000137,1.290000916,1,1.242903518,14.65811966
12/31/2019,2/28/2020,YELP,268823000,16656000,56198000,755291000,1071000000,315709000,,71185000,21706.532,0.43873377,2.749306333,3082.76,97.2,-0.1624,155655,3.6,0.71,2383.929,31.27000046,31.64999962,0.379999161,1,1.17441216,15.04530449
3/31/2020,5/8/2020,YELP,251793000,16847000,67113000,762208000,1085000000,322792000,,71888000,21538.032,0.23108155,2.752460667,3055.87,96.6,0.9415,170156,3.8,33.45,2202.657,23.45000076,22.14999962,-1.300001144,0,1.281973685,15.09292232
6/30/2020,8/7/2020,YELP,170992000,11825000,53969000,780835000,1073000000,292165000,,73121000,19636.731,-0.09771677,2.122902,2931.69,74.1,1.0473,239587,13,33.35,2078.07,21.92000008,23.04999924,1.129999161,1,1.708647188,14.67430697
9/30/2020,11/6/2020,YELP,222789000,13193000,53022000,815678000,1139000000,323322000,,73976000,21362.428,-0.36527181,2.238408667,3319.83,75.7,-0.0865,221081,8.8,0.02,2702.715,23.94000053,28.54999924,4.609998703,1,1.451247593,15.39688548
12/31/2020,2/26/2021,YELP,235205000,15321000,55996000,854587000,1155000000,300413000,,75272000,21704.706,-0.24600518,1.785781667,3554.5,79.8,-0.1765,245243,6.8,0.21,2615.907,37.70999908,37.97000122,0.260002136,1,1.277239004,15.34435115
3/31/2021,5/7/2021,YELP,233981000,14874000,67992000,826722000,1135000000,308278000,,75065000,22313.85,-0.15111138,1.583668333,3865.71,80.2,-0.5785,261600,6.2,0,2937.989,39.45999908,39.54000092,0.080001831,1,1.31753433,15.12022913
6/30/2021,8/6/2021,YELP,258977000,17993000,68695000,803220000,1105000000,301780000,,74486000,23046.934,0.04977656,2.491358,4183.63,85.6,-0.9187,268350,5.9,0.15,3209.367,39.15000153,38.83000183,-0.319999695,0,1.165277225,14.83500255
9/30/2021,11/5/2021,YELP,271431000,21185000,69402000,781755000,1079000000,297245000,,73546000,23550.42,-0.14023619,2.432303667,4421.67,74.8,-0.7987,270392,5.1,0.18,3214.189,38.20000076,39.97999954,1.779998779,1,1.09510336,14.6710902
12/31/2021,2/28/2022,YELP,276170000,24045000,59111000,751790000,1051000000,299210000,,72171000,24349.121,0.1145294,3.244694,4602.11,69.9,-0.6983,260115,4.2,0.11,3190.746,33.88999939,34.38000107,0.490001678,1,1.083426875,14.56263596
3/31/2022,5/6/2022,YELP,279476000,23429000,80685000,724443000,1045000000,320557000,,71559000,24740.48,0.36939264,4.284717333,4463.86,63.1,-0.4063,255821,3.8,0.13,3328.491,30.84000015,29.51000023,-1.329999924,0,1.146992944,14.60333431
6/30/2022,8/5/2022,YELP,301567000,26988000,76848000,718436000,1023000000,304564000,,71119000,25248.476,1.05946385,5.043240667,4105.67,57.9,-0.1295,199421,3.6,0.19,3521.785,38.25999832,38.09000015,-0.169998169,0,1.00993809,14.38434174
9/30/2022,11/4/2022,YELP,311873000,26805000,75803000,701044000,1030000000,328956000,,70399000,25723.941,1.04068297,6.003276333,3980.35,56.1,-0.2758,191141,3.6,0.07,3347.843,30.30999947,29.95999908,-0.350000381,0,1.054775502,14.63088964
12/31/2022,2/24/2023,YELP,312612000,28483000,72225000,710402000,1016000000,305598000,,69797000,26137.992,1.76805674,6.484403333,3851.97,58.8,-0.1566,188009,3.6,0.88,3185.64,30.13999939,30.01000023,-0.129999161,0,0.977563241,14.55649956
4/28/2018,5/22/2018,CSCO,12463000000,4704000000,1590000000,46653000000,1.14E+11,67347000000,1900000000,4734000000,20470.197,1.15872476,2.530544333,2703.13,98.3,-0.1825,136813,3.9,0.1,2258.834,37.51730728,37.44853592,-0.068771362,0,5.403755115,24.08111534
7/28/2018,9/6/2018,CSCO,12844000000,4922000000,1626000000,45536000000,1.10E+11,64464000000,1736000000,4625500000,20687.278,1.18087408,2.471481667,2849.6,98.1,-0.6204,134561,3.8,0.11,2274.868,40.95401764,40.77212524,-0.181892395,0,5.018997197,23.78121284
10/27/2018,11/20/2018,CSCO,12846000000,4926000000,1608000000,43419000000,1.05E+11,61581000000,1572000000,4517000000,20819.269,1.28791727,2.452050667,2698.93,98.1,-0.1487,139445,3.8,0.23,2295.174,38.79787445,39.14669037,0.348815918,1,4.79378795,23.24551694
1/26/2019,2/19/2019,CSCO,12289000000,4673000000,1557000000,40327000000,1.02E+11,61673000000,1701000000,4424000000,21013.085,0.87527495,2.387288333,2721,94.5,-0.3621,123508,3.9,0.73,2254.933,43.63293076,43.42202377,-0.210906982,0,5.018553178,23.05605787
4/27/2019,5/21/2019,CSCO,12700000000,4785000000,1659000000,36804000000,97287000000,60483000000,1513000000,4313000000,21272.448,0.46067806,2.408969333,2882.33,98.5,-0.513,126995,3.6,0.47,2311.3,49.98484802,47.92424774,-2.060600281,0,4.762440945,22.55668908
7/27/2019,9/5/2019,CSCO,13428000000,4854000000,1753000000,33571000000,97793000000,64222000000,1383000000,4250000000,21531.839,0.36520973,2.565620333,2957.85,93.8,-0.2285,120227,3.6,0.35,2269.075,43.09165192,43.23404312,0.142391205,1,4.782692881,23.01011765
10/26/2019,11/19/2019,CSCO,13036000000,4695000000,1666000000,34423000000,92492000000,58069000000,1344000000,4241000000,21706.532,0.43873377,2.749306333,3082.76,97.2,-0.1624,155655,3.6,0.71,2383.929,40.77277374,40.20786285,-0.564910889,0,4.454510586,21.80900731
1/25/2020,2/18/2020,CSCO,11920000000,4241000000,1570000000,35533000000,90426000000,54893000000,1353000000,4241000000,21538.032,0.23108155,2.752460667,3055.87,96.6,0.9415,170156,3.8,33.45,2202.657,42.08420181,42.31904984,0.234848022,1,4.60511745,21.32185805
4/25/2020,5/18/2020,CSCO,11931000000,4212000000,1546000000,35708000000,91394000000,55686000000,1212000000,4220000000,19636.731,-0.09771677,2.122902,2931.69,74.1,1.0473,239587,13,33.35,2078.07,41.08807755,41.43457031,0.346492767,1,4.667337189,21.65734597
7/25/2020,9/3/2020,CSCO,12154000000,4470000000,1565000000,37920000000,94853000000,56933000000,1282000000,4237000000,21362.428,-0.36527181,2.238408667,3319.83,75.7,-0.0865,221081,8.8,0.02,2702.715,37.63451385,36.76142502,-0.873088837,0,4.684301465,22.3868303
10/24/2020,11/17/2020,CSCO,11897000000,4348000000,1612000000,38157000000,95003000000,56846000000,1303000000,4222000000,21704.706,-0.24600518,1.785781667,3554.5,79.8,-0.1765,245243,6.8,0.21,2615.907,38.84422302,38.18568039,-0.658542633,0,4.778179373,22.50189484
1/23/2021,2/16/2021,CSCO,11923000000,4176000000,1527000000,39121000000,95601000000,56480000000,1436000000,4221000000,22313.85,-0.15111138,1.583668333,3865.71,80.2,-0.5785,261600,6.2,0,2937.989,43.48845673,43.32950211,-0.15895462,0,4.73706282,22.64889837
5/1/2021,5/25/2021,CSCO,12779000000,4618000000,1697000000,40205000000,93896000000,53691000000,1579000000,4215000000,23046.934,0.04977656,2.491358,4183.63,85.6,-0.9187,268350,5.9,0.15,3209.367,50.20404816,49.8367691,-0.367279053,0,4.201502465,22.27663108
7/31/2021,9/9/2021,CSCO,13091000000,4782000000,1713000000,41275000000,97497000000,56222000000,1559000000,4217000000,23550.42,-0.14023619,2.432303667,4421.67,74.8,-0.7987,270392,5.1,0.18,3214.189,55.57059097,55.09643936,-0.474151611,0,4.294706287,23.11999051
10/30/2021,11/23/2021,CSCO,12882000000,4847000000,1714000000,42701000000,95981000000,53280000000,1832000000,4217000000,24349.121,0.1145294,3.244694,4602.11,69.9,-0.6983,260115,4.2,0.11,3190.746,52.79545975,53.02458572,0.229125977,1,4.136003726,22.76049324
1/29/2022,2/22/2022,CSCO,12695000000,4671000000,1670000000,39496000000,94262000000,54766000000,2059000000,4151000000,24740.48,0.36939264,4.284717333,4463.86,63.1,-0.4063,255821,3.8,0.13,3328.491,54.06690216,52.55917358,-1.507728577,0,4.313981883,22.70826307
4/30/2022,5/25/2022,CSCO,12762000000,4714000000,1708000000,40400000000,92797000000,52397000000,2231000000,4149000000,25248.476,1.05946385,5.043240667,4105.67,57.9,-0.1295,199421,3.6,0.19,3521.785,42.54413223,44.11053085,1.566398621,1,4.105704435,22.36611232
7/30/2022,9/8/2022,CSCO,13037000000,5077000000,1682000000,39773000000,94002000000,54229000000,2568000000,4110000000,25723.941,1.04068297,6.003276333,3980.35,56.1,-0.2758,191141,3.6,0.07,3347.843,44.26364136,45.26852798,1.004886627,1,4.159622613,22.87153285
10/29/2022,11/22/2022,CSCO,13563000000,5286000000,1781000000,40272000000,93054000000,52782000000,2664000000,4103000000,26137.992,1.76805674,6.484403333,3851.97,58.8,-0.1566,188009,3.6,0.88,3185.64,47.63867569,47.82575989,0.187084198,1,3.891616899,22.6795028
1/28/2023,2/21/2023,CSCO,13516000000,5165000000,1855000000,41474000000,95840000000,54366000000,3140000000,4095000000,26629.7225,1.7543125,6.53331693,3610.215,55.3,-0.09135,155669,3.5,0.85,3358.188149,49.3195343,48.84311295,-0.476421356,0,4.022343889,23.4041514
6/1/2018,6/27/2018,ADBE,2195000000,17400000,374128000,8705000000,15163000000,6458000000,,490435000,20470.197,1.15872476,2.530544333,2703.13,98.3,-0.1825,136813,3.9,0.1,2258.834,237.6799927,243.8099976,6.130004883,1,2.94214123,30.91745083
8/31/2018,9/26/2018,ADBE,2291000000,295492000,398957000,8862000000,15396000000,6534000000,,489007000,20687.278,1.18087408,2.471481667,2849.6,98.1,-0.6204,134561,3.8,0.11,2274.868,268.4700012,269.9500122,1.480010986,1,2.852029681,31.48421188
11/30/2018,1/25/2019,ADBE,2465000000,-744438000,415958000,9362000000,18769000000,9407000000,,487663000,20819.269,1.28791727,2.452050667,2698.93,98.1,-0.1487,139445,3.8,0.23,2295.174,244.9499969,241.8500061,-3.099990845,0,3.816227181,38.48764413
3/1/2019,3/27/2019,ADBE,2601000000,58000000,465000000,9872000000,19506000000,9634000000,,488504000,21013.085,0.87527495,2.387288333,2721,94.5,-0.3621,123508,3.9,0.73,2254.933,262.3399963,266.4899902,4.149993896,1,3.703960015,39.93007222
5/31/2019,6/26/2019,ADBE,2744000000,55400000,475958000,9932000000,19666000000,9734000000,,486273000,21272.448,0.46067806,2.408969333,2882.33,98.5,-0.513,126995,3.6,0.47,2311.3,288.7200012,294.6499939,5.929992676,1,3.547376093,40.44230299
8/30/2019,9/26/2019,ADBE,2834000000,58800000,489827000,10243000000,20055000000,9812000000,,484903000,21531.839,0.36520973,2.565620333,2957.85,93.8,-0.2285,120227,3.6,0.35,2269.075,283.8099976,276.25,-7.559997559,0,3.462244178,41.35878722
11/29/2019,1/21/2020,ADBE,2992000000,54800000,499806000,10530000000,20762000000,10232000000,,482339000,21706.532,0.43873377,2.749306333,3082.76,97.2,-0.1624,155655,3.6,0.71,2383.929,350,351.7600098,1.760009766,1,3.419786096,43.04441482
2/28/2020,3/25/2020,ADBE,3091000000,54000000,532000000,10465000000,21214000000,10749000000,,483000000,21538.032,0.23108155,2.752460667,3055.87,96.6,0.9415,170156,3.8,33.45,2202.657,305.9100037,305.8299866,-0.08001709,0,3.477515367,43.92132505
5/29/2020,6/24/2020,ADBE,3128000000,52000000,532000000,10881000000,21603000000,10722000000,,480000000,19636.731,-0.09771677,2.122902,2931.69,74.1,1.0473,239587,13,33.35,2078.07,431.6799927,426.9200134,-4.759979248,0,3.427749361,45.00625
8/28/2020,9/23/2020,ADBE,3225000000,51000000,566000000,11713000000,22414000000,10701000000,,480000000,21362.428,-0.36527181,2.238408667,3319.83,75.7,-0.0865,221081,8.8,0.02,2702.715,470.3900146,479.7799988,9.389984131,1,3.318139535,46.69583333
11/27/2020,1/15/2021,ADBE,3424000000,47000000,558000000,13264000000,24284000000,11020000000,,479000000,21704.706,-0.24600518,1.785781667,3554.5,79.8,-0.1765,245243,6.8,0.21,2615.907,458.0799866,456.5,-1.579986572,0,3.218457944,50.69728601
3/5/2021,3/31/2021,ADBE,3905000000,45000000,620000000,13546000000,24985000000,11439000000,,479000000,22313.85,-0.15111138,1.583668333,3865.71,80.2,-0.5785,261600,6.2,0,2937.989,475.3699951,483.3399963,7.970001221,1,2.929321383,52.16075157
6/4/2021,6/30/2021,ADBE,3835000000,44000000,612000000,13852000000,25582000000,11730000000,,477000000,23046.934,0.04977656,2.491358,4183.63,85.6,-0.9187,268350,5.9,0.15,3209.367,585.6400146,593.0700073,7.429992676,1,3.058670143,53.63102725
9/3/2021,9/29/2021,ADBE,3935000000,40000000,651000000,14414000000,26144000000,11730000000,,476000000,23550.42,-0.14023619,2.432303667,4421.67,74.8,-0.7987,270392,5.1,0.18,3214.189,577.7000122,577.4699707,-0.230041504,0,2.98094028,54.92436975
12/3/2021,1/21/2022,ADBE,4110000000,51000000,657000000,14797000000,27241000000,12444000000,,475000000,24349.121,0.1145294,3.244694,4602.11,69.9,-0.6983,260115,4.2,0.11,3190.746,499.9100037,519.6599731,19.74996948,1,3.027737226,57.34947368
3/4/2022,3/30/2022,ADBE,4262000000,59000000,701000000,13775000000,25976000000,12201000000,,472000000,24740.48,0.36939264,4.284717333,4463.86,63.1,-0.4063,255821,3.8,0.13,3328.491,460.0599976,458.1900024,-1.869995117,0,2.862740497,55.03389831
6/3/2022,6/29/2022,ADBE,4386000000,539000000,738000000,13985000000,26326000000,12341000000,,471000000,25248.476,1.05946385,5.043240667,4105.67,57.9,-0.1295,199421,3.6,0.19,3521.785,368.5,368.480011,-0.019989014,0,2.81372549,55.89384289
9/2/2022,9/28/2022,ADBE,4433000000,546000000,775000000,14373000000,26744000000,12371000000,,467000000,25723.941,1.04068297,6.003276333,3980.35,56.1,-0.2758,191141,3.6,0.07,3347.843,281.3999939,275.2000122,-6.199981689,0,2.790660952,57.26766595
12/2/2022,1/17/2023,ADBE,4525000000,568000000,773000000,14051000000,27165000000,13114000000,,462000000,26137.992,1.76805674,6.484403333,3851.97,58.8,-0.1566,188009,3.6,0.88,3185.64,344.3800049,342.5299988,-1.850006104,0,2.898121547,58.7987013
3/3/2023,3/29/2023,ADBE,4655000000,54000000,827000000,14206000000,26667000000,12461000000,,459000000,26629.7225,1.7543125,6.53331693,3610.215,55.3,-0.09135,155669,3.5,0.85,3358.188149,379.1600037,385.3699951,6.209991455,1,2.676906552,58.09803922
3/31/2018,5/25/2018,AGYS,32056000,15311000,7228000,108431000,157207000,48776000,1999000,23325000,20155.486,0.99726438,2.222466,2733.48,98.9,-0.3239,156478,4,0.13,2202.037,13.88000011,14.36999989,0.489999771,1,1.521587222,6.739849946
6/30/2018,8/2/2018,AGYS,34004000,16118000,7089000,109749000,162228000,52479000,1765000,23527000,20470.197,1.15872476,2.530544333,2703.13,98.3,-0.1825,136813,3.9,0.1,2258.834,15.43999958,15.47000027,0.030000687,1,1.543318433,6.895396778
9/30/2018,10/26/2018,AGYS,34200000,16454000,10151000,106974000,153626000,46652000,1678000,23531000,20687.278,1.18087408,2.471481667,2849.6,98.1,-0.6204,134561,3.8,0.11,2274.868,16.07999992,15.84000015,-0.239999771,0,1.364093567,6.528664315
12/31/2018,1/30/2019,AGYS,36011000,17367000,10059000,104105000,167433000,63328000,1566000,23535000,20819.269,1.28791727,2.452050667,2698.93,98.1,-0.1487,139445,3.8,0.23,2295.174,17.87000084,17.92000008,0.049999237,1,1.758573769,7.114212874
3/31/2019,5/24/2019,AGYS,36618000,17023000,10518000,100622000,163591000,62969000,2044000,23501000,21013.085,0.87527495,2.387288333,2721,94.5,-0.3621,123508,3.9,0.73,2254.933,22.37000084,22.67000008,0.299999237,1,1.719618767,6.961022935
6/30/2019,7/29/2019,AGYS,38388000,18375000,10064000,99923000,167448000,67525000,1483000,23680000,21272.448,0.46067806,2.408969333,2882.33,98.5,-0.513,126995,3.6,0.47,2311.3,23.54999924,24.53000069,0.98000145,1,1.759013233,7.071283784
9/30/2019,10/29/2019,AGYS,40720000,20505000,10778000,98365000,163795000,65430000,954000,23659000,21531.839,0.36520973,2.565620333,2957.85,93.8,-0.2285,120227,3.6,0.35,2269.075,24.46999931,25.19000053,0.720001221,1,1.606827112,6.923158206
12/31/2019,1/29/2020,AGYS,41962000,20923000,11285000,96936000,171828000,74892000,1856000,23657000,21706.532,0.43873377,2.749306333,3082.76,97.2,-0.1624,155655,3.6,0.71,2383.929,33.45999908,32.5,-0.959999084,0,1.784757638,7.26330473
3/31/2020,5/22/2020,AGYS,39659000,20002000,9336000,71757000,154562000,82805000,3887000,23609000,21538.032,0.23108155,2.752460667,3055.87,96.6,0.9415,170156,3.8,33.45,2202.657,19.59000015,20.06999969,0.479999542,1,2.087924557,6.54674065
6/30/2020,7/31/2020,AGYS,29806000,11257000,8266000,71350000,176103000,104753000,2760000,23613000,19636.731,-0.09771677,2.122902,2931.69,74.1,1.0473,239587,13,33.35,2078.07,20.95999908,20.87999916,-0.079999924,0,3.514493726,7.457883369
9/30/2020,10/28/2020,AGYS,34358000,11206000,8257000,77924000,173714000,95790000,2174000,23588000,21362.428,-0.36527181,2.238408667,3319.83,75.7,-0.0865,221081,8.8,0.02,2702.715,26.95000076,27.07999992,0.129999161,1,2.787996973,7.364507377
12/31/2020,1/27/2021,AGYS,36666000,12479000,12376000,81779000,189201000,107422000,1322000,23638000,21704.706,-0.24600518,1.785781667,3554.5,79.8,-0.1765,245243,6.8,0.21,2615.907,40.25999832,36.79000092,-3.469997406,0,2.929744177,8.004103562
3/31/2021,5/21/2021,AGYS,36458000,12858000,26445000,79876000,189873000,109997000,1177000,24011000,22313.85,-0.15111138,1.583668333,3865.71,80.2,-0.5785,261600,6.2,0,2937.989,49.02000046,50.20999908,1.189998627,1,3.017088156,7.907750614
6/30/2021,7/29/2021,AGYS,38724000,13858000,11485000,84487000,189485000,104998000,1186000,24569000,23046.934,0.04977656,2.491358,4183.63,85.6,-0.9187,268350,5.9,0.15,3209.367,56.29000092,55.93999863,-0.350002289,0,2.711445099,7.712361105
9/30/2021,10/28/2021,AGYS,37891000,13637000,11379000,87718000,188100000,100382000,1881000,24607000,23550.42,-0.14023619,2.432303667,4421.67,74.8,-0.7987,270392,5.1,0.18,3214.189,42.81999969,47.50999832,4.689998627,1,2.649230688,7.644166294
12/31/2021,1/27/2022,AGYS,39456000,14744000,11210000,92413000,202338000,109925000,3256000,24712000,24349.121,0.1145294,3.244694,4602.11,69.9,-0.6983,260115,4.2,0.11,3190.746,35.31000137,38.06000137,2.75,1,2.786014801,8.187843962
3/31/2022,5/23/2022,AGYS,47333000,18866000,12258000,97344000,214162000,116818000,6940000,24729000,24740.48,0.36939264,4.284717333,4463.86,63.1,-0.4063,255821,3.8,0.13,3328.491,38.75,38.06000137,-0.689998627,0,2.468003296,8.660358284
6/30/2022,7/29/2022,AGYS,47505000,19011000,11556000,101276000,208759000,107483000,7246000,25026000,25248.476,1.05946385,5.043240667,4105.67,57.9,-0.1295,199421,3.6,0.19,3521.785,48.29999924,48.47999954,0.180000305,1,2.262561836,8.341684648
9/30/2022,10/28/2022,AGYS,47741000,18377000,12577000,106594000,220766000,114172000,9659000,25058000,25723.941,1.04068297,6.003276333,3980.35,56.1,-0.2758,191141,3.6,0.07,3347.843,62.90000153,64.16999817,1.269996643,1,2.391487401,8.810200335
12/31/2022,1/26/2023,AGYS,49920000,19144000,12416000,111912000,246161000,134249000,10349000,25185000,26137.992,1.76805674,6.484403333,3851.97,58.8,-0.1566,188009,3.6,0.88,3185.64,84.56999969,84.62000275,0.050003052,1,2.689282853,9.774111574
3/31/2018,5/18/2018,MCHP,1002000000,387207000,133600000,3280000000,8257000000,4977000000,476200000,235028000,20155.486,0.99726438,2.222466,2733.48,98.9,-0.3239,156478,4,0.13,2202.037,43.19788742,43.66803741,0.470149994,1,4.967065868,35.13198427
6/30/2018,8/9/2018,MCHP,1212000000,570500000,171900000,5124000000,19249000000,14125000000,1105000000,235494000,20470.197,1.15872476,2.530544333,2703.13,98.3,-0.1825,136813,3.9,0.1,2258.834,45.65570068,40.51198196,-5.143718719,0,11.65429043,81.73881288
9/30/2018,11/7/2018,MCHP,1433000000,743200000,221900000,5170000000,18667000000,13497000000,836700000,236208000,20687.278,1.18087408,2.471481667,2849.6,98.1,-0.6204,134561,3.8,0.11,2274.868,32.86838913,33.72399139,0.855602264,1,9.418702024,79.027806
12/31/2018,2/6/2019,MCHP,1375000000,595100000,217700000,5161000000,18156000000,12995000000,702500000,236963000,20819.269,1.28791727,2.452050667,2698.93,98.1,-0.1487,139445,3.8,0.23,2295.174,41.96373367,41.07099152,-0.892742157,0,9.450909091,76.61955664
3/31/2019,5/30/2019,MCHP,1330000000,509400000,214700000,5288000000,18350000000,13062000000,711700000,237590000,21013.085,0.87527495,2.387288333,2721,94.5,-0.3621,123508,3.9,0.73,2254.933,38.54277039,37.78935242,-0.753417969,0,9.821052632,77.23389032
6/30/2019,8/7/2019,MCHP,1323000000,507400000,219100000,5288000000,18246000000,12958000000,733100000,238035000,21272.448,0.46067806,2.408969333,2882.33,98.5,-0.513,126995,3.6,0.47,2311.3,41.89761353,41.62752151,-0.27009201,0,9.794406652,76.65259311
9/30/2019,11/6/2019,MCHP,1338000000,510300000,219800000,5361000000,17858000000,12497000000,734200000,238763000,21531.839,0.36520973,2.565620333,2957.85,93.8,-0.2285,120227,3.6,0.35,2269.075,45.49422836,45.77492905,0.280700684,1,9.340059791,74.79383322
12/31/2019,2/4/2020,MCHP,1287000000,501900000,217100000,5617000000,17589000000,11972000000,708800000,239535000,21706.532,0.43873377,2.749306333,3082.76,97.2,-0.1624,155655,3.6,0.71,2383.929,48.58420563,51.8180542,3.233848572,1,9.302253302,73.42977018
3/31/2020,5/22/2020,MCHP,1326000000,512500000,221800000,5585000000,17426000000,11841000000,685700000,245326000,21538.032,0.23108155,2.752460667,3055.87,96.6,0.9415,170156,3.8,33.45,2202.657,42.2616272,45.16859436,2.906967163,1,8.929864253,71.03201454
6/30/2020,8/4/2020,MCHP,1310000000,511400000,198000000,5501000000,17028000000,11527000000,657200000,252450000,19636.731,-0.09771677,2.122902,2931.69,74.1,1.0473,239587,13,33.35,2078.07,51.65149689,47.73865128,-3.912845612,0,8.799236641,67.45098039
9/30/2020,11/5/2020,MCHP,1310000000,501600000,199800000,5444000000,16771000000,11327000000,661400000,260255000,21362.428,-0.36527181,2.238408667,3319.83,75.7,-0.0865,221081,8.8,0.02,2702.715,57.16908646,61.09529877,3.926212311,1,8.646564885,64.44064475
12/31/2020,2/4/2021,MCHP,1352000000,506300000,210100000,5297000000,16576000000,11279000000,666100000,269258000,21704.706,-0.24600518,1.785781667,3554.5,79.8,-0.1765,245243,6.8,0.21,2615.907,69.62192535,73.8503952,4.228469849,1,8.342455621,61.56177347
3/31/2021,5/18/2021,MCHP,1467000000,540300000,228500000,5337000000,16479000000,11142000000,665000000,273529000,22313.85,-0.15111138,1.583668333,3865.71,80.2,-0.5785,261600,6.2,0,2937.989,69.15971375,73.60067749,4.440963745,1,7.595092025,60.24589714
6/30/2021,8/3/2021,MCHP,1569000000,561800000,238400000,5520000000,16278000000,10758000000,683800000,274040000,23046.934,0.04977656,2.491358,4183.63,85.6,-0.9187,268350,5.9,0.15,3209.367,71.49225616,72.93357849,1.441322327,1,6.856596558,59.40008758
9/30/2021,11/4/2021,MCHP,1650000000,581500000,246200000,5703000000,16215000000,10512000000,713600000,554870000,23550.42,-0.14023619,2.432303667,4421.67,74.8,-0.7987,270392,5.1,0.18,3214.189,81.00017548,82.22123718,1.221061707,1,6.370909091,29.22306126
12/31/2021,2/3/2022,MCHP,1758000000,604200000,245400000,5803000000,16047000000,10244000000,768200000,555989000,24349.121,0.1145294,3.244694,4602.11,69.9,-0.6983,260115,4.2,0.11,3190.746,72.65619659,72.14681244,-0.509384155,0,5.827076223,28.8620818
3/31/2022,5/20/2022,MCHP,1844000000,623800000,259100000,5895000000,16200000000,10305000000,854400000,554501000,24740.48,0.36939264,4.284717333,4463.86,63.1,-0.4063,255821,3.8,0.13,3328.491,65.81691742,66.1427002,0.325782776,1,5.588394794,29.21545678
6/30/2022,8/2/2022,MCHP,1964000000,653700000,269000000,5978000000,16208000000,10230000000,911800000,552484000,25248.476,1.05946385,5.043240667,4105.67,57.9,-0.1295,199421,3.6,0.19,3521.785,68.3836441,71.82899475,3.445350647,1,5.208757637,29.33659617
9/30/2022,11/3/2022,MCHP,2073000000,675300000,268600000,6103000000,16141000000,10038000000,1030000000,550009000,25723.941,1.04068297,6.003276333,3980.35,56.1,-0.2758,191141,3.6,0.07,3347.843,58.94666672,64.96426392,6.017597198,1,4.842257598,29.34679251
12/31/2022,2/2/2023,MCHP,2169000000,698400000,282400000,6311000000,16116000000,9805000000,1165000000,547792000,26137.992,1.76805674,6.484403333,3851.97,58.8,-0.1566,188009,3.6,0.88,3185.64,84.17246246,84.1127243,-0.059738159,0,4.520516367,29.41992581
4/30/2018,6/8/2018,DOCU,155615000,58294000,70870000,214126000,614472000,400346000,,36776000,20470.197,1.15872476,2.530544333,2703.13,98.3,-0.1825,136813,3.9,0.1,2258.834,57.91999817,59.54000092,1.620002747,1,2.57266973,16.70850555
7/31/2018,9/6/2018,DOCU,166997000,36361000,33773000,743772000,1170000000,426228000,,156786000,20687.278,1.18087408,2.471481667,2849.6,98.1,-0.6204,134561,3.8,0.11,2274.868,57.84999847,53.93000031,-3.919998169,0,2.552309323,7.46240098
10/31/2018,12/7/2018,DOCU,174882000,45073000,38404000,809733000,1719000000,909267000,,157255000,20819.269,1.28791727,2.452050667,2698.93,98.1,-0.1487,139445,3.8,0.23,2295.174,39.65999985,40.68999863,1.029998779,1,5.199317254,10.93128994
1/31/2019,3/26/2019,DOCU,189231000,52693000,42921000,614000000,1615000000,1001000000,,169303000,21013.085,0.87527495,2.387288333,2721,94.5,-0.3621,123508,3.9,0.73,2254.933,53.74000168,51.77999878,-1.960002899,0,5.289830947,9.539110352
4/30/2019,6/7/2019,DOCU,206806000,52019000,37183000,597000000,1738000000,1141000000,,173628000,21272.448,0.46067806,2.408969333,2882.33,98.5,-0.513,126995,3.6,0.47,2311.3,48.15999985,48.31000137,0.150001526,1,5.517248049,10.00990624
7/31/2019,9/6/2019,DOCU,228339000,61176000,47517000,567000000,1762000000,1195000000,,175953000,21531.839,0.36520973,2.565620333,2957.85,93.8,-0.2285,120227,3.6,0.35,2269.075,56.27000046,58.56999969,2.299999237,1,5.233446761,10.01403784
10/31/2019,12/6/2019,DOCU,242138000,61964000,48758000,569000000,1786000000,1217000000,,179252000,21706.532,0.43873377,2.749306333,3082.76,97.2,-0.1624,155655,3.6,0.71,2383.929,75.56999969,75.45999908,-0.11000061,0,5.02605952,9.963626626
1/31/2020,3/27/2020,DOCU,266434000,68075000,52094000,546000000,1891000000,1345000000,,181254000,21538.032,0.23108155,2.752460667,3055.87,96.6,0.9415,170156,3.8,33.45,2202.657,82.56999969,88.13999939,5.569999695,1,5.048154515,10.43287321
4/30/2020,6/5/2020,DOCU,289457000,74032000,54234000,522000000,1921000000,1399000000,,183428000,19636.731,-0.09771677,2.122902,2931.69,74.1,1.0473,239587,13,33.35,2078.07,139.6399994,146.5399933,6.899993896,1,4.833187658,10.47277406
7/31/2020,9/4/2020,DOCU,334525000,90615000,63791000,502000000,2053000000,1551000000,,185137000,21362.428,-0.36527181,2.238408667,3319.83,75.7,-0.0865,221081,8.8,0.02,2702.715,216.2599945,205.6300049,-10.62998962,0,4.636424781,11.08908538
10/31/2020,12/4/2020,DOCU,375154000,97831000,73362000,426000000,2051000000,1625000000,,186531000,21704.706,-0.24600518,1.785781667,3554.5,79.8,-0.1765,245243,6.8,0.21,2615.907,243.2200012,232.5200043,-10.69999695,0,4.331554508,10.99549137
1/31/2021,3/31/2021,DOCU,391260000,101580000,80135000,330000000,2337000000,2007000000,,192807000,22313.85,-0.15111138,1.583668333,3865.71,80.2,-0.5785,261600,6.2,0,2937.989,202.4499969,206.2899933,3.839996338,1,5.129581353,12.12092922
4/30/2021,6/4/2021,DOCU,467406000,105242000,85416000,243000000,2297000000,2054000000,,194734000,23046.934,0.04977656,2.491358,4183.63,85.6,-0.9187,268350,5.9,0.15,3209.367,233.2400055,240.9700012,7.729995728,1,4.394466481,11.79557756
7/31/2021,9/3/2021,DOCU,510175000,113780000,94651000,212000000,2356000000,2144000000,,196467000,23550.42,-0.14023619,2.432303667,4421.67,74.8,-0.7987,270392,5.1,0.18,3214.189,310.0499878,291.5,-18.54998779,0,4.202479541,11.99183578
10/31/2021,12/6/2021,DOCU,543978000,115975000,102603000,240000000,2411000000,2171000000,,197754000,24349.121,0.1145294,3.244694,4602.11,69.9,-0.6983,260115,4.2,0.11,3190.746,143.8800049,153.7400055,9.86000061,1,3.990970223,12.19191521
1/31/2022,3/25/2022,DOCU,579211000,131454000,110692000,275000000,2541000000,2266000000,,198834000,24740.48,0.36939264,4.284717333,4463.86,63.1,-0.4063,255821,3.8,0.13,3328.491,100.4499969,104.6699982,4.220001221,1,3.912218518,12.77950451
4/30/2022,6/9/2022,DOCU,587043000,132416000,112227000,349000000,2574000000,2225000000,,199920000,25248.476,1.05946385,5.043240667,4105.67,57.9,-0.1295,199421,3.6,0.19,3521.785,87.36000061,59.11999893,-28.24000168,0,3.790182321,12.87515006
7/31/2022,9/8/2022,DOCU,620552000,136704000,126532000,407000000,2667000000,2260000000,,200771000,25723.941,1.04068297,6.003276333,3980.35,56.1,-0.2758,191141,3.6,0.07,3347.843,57.95000076,65.66000366,7.710002899,1,3.641918808,13.28379099
10/31/2022,12/8/2022,DOCU,644007000,129542000,115934000,469000000,2732000000,2263000000,,201069000,26137.992,1.76805674,6.484403333,3851.97,58.8,-0.1566,188009,3.6,0.88,3185.64,43.75,54.06999969,10.31999969,1,3.51393696,13.58737548
1/31/2023,3/27/2023,DOCU,657924000,137426000,125891000,618000000,3013000000,2395000000,,201904000,26629.7225,1.7543125,6.53331693,3610.215,55.3,-0.09135,155669,3.5,0.85,3358.188149,57.16999817,57.97999954,0.810001373,1,3.640238082,14.92293367
4/30/2018,6/8/2018,BOX,140507000,39068000,38248000,46615000,528479000,481864000,,279950000,20470.197,1.15872476,2.530544333,2703.13,98.3,-0.1825,136813,3.9,0.1,2258.834,25.82999992,25.92000008,0.090000153,1,3.429466148,1.8877621
7/31/2018,9/7/2018,BOX,150322000,42605000,41830000,35127000,545424000,510297000,,283212000,20687.278,1.18087408,2.471481667,2849.6,98.1,-0.6204,134561,3.8,0.11,2274.868,24.54999924,24.67000008,0.120000839,1,3.394692726,1.9258506
10/31/2018,12/6/2018,BOX,157158000,44724000,42310000,25646000,546887000,521241000,,286775000,20819.269,1.28791727,2.452050667,2698.93,98.1,-0.1487,139445,3.8,0.23,2295.174,18.85000038,18.60000038,-0.25,0,3.316668576,1.907024671
1/31/2019,3/20/2019,BOX,166114000,47197000,41362000,31405000,650161000,618756000,,144311000,21013.085,0.87527495,2.387288333,2721,94.5,-0.3621,123508,3.9,0.73,2254.933,19.62000084,19.06999969,-0.550001144,0,3.724887728,4.505276798
4/30/2019,6/6/2019,BOX,162974000,48684000,46244000,30538000,825721000,795183000,,146497000,21272.448,0.46067806,2.408969333,2882.33,98.5,-0.513,126995,3.6,0.47,2311.3,17.62999916,17.77000046,0.140001297,1,4.87920159,5.636436241
7/31/2019,9/6/2019,BOX,174381000,53872000,49693000,22266000,827316000,805050000,,147722000,21531.839,0.36520973,2.565620333,2957.85,93.8,-0.2285,120227,3.6,0.35,2269.075,17.40999985,17.70000076,0.290000916,1,4.616615342,5.600492818
10/31/2019,12/6/2019,BOX,178585000,56302000,50652000,20775000,843918000,823143000,,149478000,21706.532,0.43873377,2.749306333,3082.76,97.2,-0.1624,155655,3.6,0.71,2383.929,17.34000015,17.25,-0.090000153,0,4.609250497,5.64576727
1/31/2020,3/19/2020,BOX,184117000,56719000,53161000,22357000,959991000,937634000,,150611000,21538.032,0.23108155,2.752460667,3055.87,96.6,0.9415,170156,3.8,33.45,2202.657,11.64999962,12.02999973,0.380000114,1,5.092598728,6.373976668
4/30/2020,6/4/2020,BOX,184843000,53995000,53114000,40848000,948913000,908065000,,153446000,19636.731,-0.09771677,2.122902,2931.69,74.1,1.0473,239587,13,33.35,2078.07,18.71999931,19.32999992,0.61000061,1,4.912628555,6.184019134
7/31/2020,9/4/2020,BOX,193168000,55334000,50115000,59592000,960511000,900919000,,156399000,21362.428,-0.36527181,2.238408667,3319.83,75.7,-0.0865,221081,8.8,0.02,2702.715,18.59000015,18.22999954,-0.36000061,0,4.663914313,6.141413948
10/31/2020,12/7/2020,BOX,197294000,56812000,49454000,87562000,941561000,853999000,,158643000,21704.706,-0.24600518,1.785781667,3554.5,79.8,-0.1765,245243,6.8,0.21,2615.907,17.20000076,17.21999931,0.01999855,1,4.328560423,5.93509326
1/31/2021,3/19/2021,BOX,198181000,58597000,48579000,151000000,1352000000,1201000000,,159851000,22313.85,-0.15111138,1.583668333,3865.71,80.2,-0.5785,261600,6.2,0,2937.989,22.56999969,23.64999962,1.079999924,1,6.060116762,8.457876397
4/30/2021,6/4/2021,BOX,204464000,60947000,50859000,125000000,1310000000,1185000000,,162762000,23046.934,0.04977656,2.491358,4183.63,85.6,-0.9187,268350,5.9,0.15,3209.367,25.15999985,24.82999992,-0.329999924,0,5.795641286,8.048561704
7/31/2021,9/3/2021,BOX,216469000,60788000,52722000,336000000,1526000000,1190000000,,152660000,23550.42,-0.14023619,2.432303667,4421.67,74.8,-0.7987,270392,5.1,0.18,3214.189,26.04000092,25.70999908,-0.330001831,0,5.497322942,9.996069697
10/31/2021,12/3/2021,BOX,225603000,63069000,55837000,220000000,1405000000,1185000000,,149010000,24349.121,0.1145294,3.244694,4602.11,69.9,-0.6983,260115,4.2,0.11,3190.746,25.79000092,25.87999916,0.089998245,1,5.252589726,9.428897389
1/31/2022,3/16/2022,BOX,230971000,64680000,59105000,93000000,1392000000,1299000000,,145081000,24740.48,0.36939264,4.284717333,4463.86,63.1,-0.4063,255821,3.8,0.13,3328.491,26.12000084,28.02000046,1.899999619,1,5.624082677,9.594640235
4/30/2022,6/2/2022,BOX,240023000,62209000,61733000,5000000,1172000000,1167000000,,145081000,25248.476,1.05946385,5.043240667,4105.67,57.9,-0.1295,199421,3.6,0.19,3521.785,26.75,26.61000061,-0.13999939,0,4.862034055,8.078245945
7/31/2022,8/31/2022,BOX,247785000,64843000,61965000,-91000000,1066000000,1157000000,,142320000,25723.941,1.04068297,6.003276333,3980.35,56.1,-0.2758,191141,3.6,0.07,3347.843,25.75,25.63999939,-0.11000061,0,4.669370624,7.490163013
10/31/2022,12/2/2022,BOX,251737000,64490000,59107000,-79000000,1056000000,1135000000,,142915000,26137.992,1.76805674,6.484403333,3851.97,58.8,-0.1566,188009,3.6,0.88,3185.64,29.02000046,28.15999985,-0.86000061,0,4.508673735,7.389007452
1/31/2023,3/13/2023,BOX,254854000,61014000,60724000,-34000000,1207000000,1241000000,,144301000,26629.7225,1.7543125,6.53331693,3610.215,55.3,-0.09135,155669,3.5,0.85,3358.188149,25.47999954,26.15999985,0.680000305,1,4.869454668,8.364460399
3/31/2018,5/1/2018,VRNS,53528000,6442000,15542000,105480000,224925000,119445000,,28749000,20155.486,0.99726438,2.222466,2733.48,98.9,-0.3239,156478,4,0.13,2202.037,22.43333244,22.79999924,0.366666794,1,2.231448961,7.823750391
6/30/2018,7/31/2018,VRNS,62190000,6440000,17717000,103806000,237067000,133261000,,29218000,20470.197,1.15872476,2.530544333,2703.13,98.3,-0.1825,136813,3.9,0.1,2258.834,19.92499924,20.35000038,0.425001144,1,2.142804309,8.113731262
9/30/2018,10/30/2018,VRNS,67052000,7052000,17267000,110062000,245879000,135817000,,29424000,20687.278,1.18087408,2.471481667,2849.6,98.1,-0.6204,134561,3.8,0.11,2274.868,19.44333267,20.62000084,1.176668167,1,2.025547336,8.356409734
12/31/2018,2/12/2019,VRNS,87518000,7749000,19445000,125370000,284978000,159608000,,29577000,20819.269,1.28791727,2.452050667,2698.93,98.1,-0.1487,139445,3.8,0.23,2295.174,18.40999985,18.50666618,0.096666336,1,1.823716264,9.635121885
3/31/2019,4/30/2019,VRNS,56360000,8326000,18768000,109995000,305446000,195451000,,30263000,21013.085,0.87527495,2.387288333,2721,94.5,-0.3621,123508,3.9,0.73,2254.933,23.71666718,24,0.283332825,1,3.467902768,10.09305092
6/30/2019,7/30/2019,VRNS,59621000,8398000,19722000,100194000,304020000,203826000,,30327000,21272.448,0.46067806,2.408969333,2882.33,98.5,-0.513,126995,3.6,0.47,2311.3,23.76333237,24.20666695,0.443334579,1,3.418694755,10.02473044
9/30/2019,10/30/2019,VRNS,65649000,8768000,20400000,97770000,298152000,200382000,,30482000,21531.839,0.36520973,2.565620333,2957.85,93.8,-0.2285,120227,3.6,0.35,2269.075,24.64999962,23.76833344,-0.881666183,0,3.052323722,9.78124795
12/31/2019,2/11/2020,VRNS,72560000,9652000,21874000,93532000,318312000,224780000,,30583000,21706.532,0.43873377,2.749306333,3082.76,97.2,-0.1624,155655,3.6,0.71,2383.929,29.66666794,30.80333328,1.136665344,1,3.097850055,10.40813524
3/31/2020,5/5/2020,VRNS,54176000,10180000,22688000,80041000,286982000,206941000,,31466000,21538.032,0.23108155,2.752460667,3055.87,96.6,0.9415,170156,3.8,33.45,2202.657,23.91333389,23.85333252,-0.060001373,0,3.819791051,9.120383906
6/30/2020,8/4/2020,VRNS,66565000,10335000,24067000,78530000,498296000,419766000,,31544000,19636.731,-0.09771677,2.122902,2931.69,74.1,1.0473,239587,13,33.35,2078.07,38.80666733,40.37333298,1.566665649,1,6.306106813,15.79685519
9/30/2020,10/27/2020,VRNS,76751000,11284000,24670000,82920000,502519000,419599000,,31725000,21362.428,-0.36527181,2.238408667,3319.83,75.7,-0.0865,221081,8.8,0.02,2702.715,40.83333206,39.25999832,-1.57333374,0,5.467016716,15.8398424
12/31/2020,2/9/2021,VRNS,95197000,12462000,27938000,94071000,555482000,461411000,,31819000,21704.706,-0.24600518,1.785781667,3554.5,79.8,-0.1765,245243,6.8,0.21,2615.907,67.21333313,68.52999878,1.316665649,1,4.84690694,17.45755681
3/31/2021,5/4/2021,VRNS,74785000,13482000,30062000,578783000,1038000000,459217000,,106147000,22313.85,-0.15111138,1.583668333,3865.71,80.2,-0.5785,261600,6.2,0,2937.989,50.61000061,47.15000153,-3.459999084,0,6.140496089,9.778891537
6/30/2021,8/3/2021,VRNS,88418000,14201000,33333000,570054000,1032000000,461946000,,106914000,23046.934,0.04977656,2.491358,4183.63,85.6,-0.9187,268350,5.9,0.15,3209.367,59,60.02000046,1.020000458,1,5.224569658,9.652617992
9/30/2021,11/2/2021,VRNS,100353000,14338000,34344000,576488000,1058000000,481512000,,107321000,23550.42,-0.14023619,2.432303667,4421.67,74.8,-0.7987,270392,5.1,0.18,3214.189,62.43000031,63.54999924,1.119998932,1,4.798182416,9.85827564
12/31/2021,2/8/2022,VRNS,126578000,17378000,40143000,597056000,1109000000,511944000,,107509000,24349.121,0.1145294,3.244694,4602.11,69.9,-0.6983,260115,4.2,0.11,3190.746,39.27999878,40.79000092,1.510002136,1,4.044494304,10.31541545
3/31/2022,5/3/2022,VRNS,96261000,17809000,43570000,536216000,1052000000,515784000,,109566000,24740.48,0.36939264,4.284717333,4463.86,63.1,-0.4063,255821,3.8,0.13,3328.491,38.34999847,37.20000076,-1.149997711,0,5.358182441,9.601518719
6/30/2022,8/2/2022,VRNS,111448000,17799000,44815000,526145000,1052000000,525855000,,109886000,25248.476,1.05946385,5.043240667,4105.67,57.9,-0.1295,199421,3.6,0.19,3521.785,27.84000015,30.23999977,2.399999619,1,4.718388845,9.573558051
9/30/2022,11/1/2022,VRNS,123308000,17198000,44478000,532799000,1059000000,526201000,,110214000,25723.941,1.04068297,6.003276333,3980.35,56.1,-0.2758,191141,3.6,0.07,3347.843,17.27000046,17,-0.270000458,0,4.267371136,9.608579672
12/31/2022,2/7/2023,VRNS,142617000,17030000,45018000,502393000,1044000000,541607000,,107673000,26137.992,1.76805674,6.484403333,3851.97,58.8,-0.1566,188009,3.6,0.88,3185.64,28.54000092,27.61000061,-0.930000305,0,3.797632821,9.696024073
3/31/2018,5/10/2018,AYX,42821000,5004000,10768000,156128000,289289000,133161000,,60052000,20155.486,0.99726438,2.222466,2733.48,98.9,-0.3239,156478,4,0.13,2202.037,32.70999908,34.20000076,1.490001678,1,3.109712524,4.817308333
6/30/2018,8/9/2018,AYX,46796000,5269000,10181000,185111000,507291000,322180000,,60685000,20470.197,1.15872476,2.530544333,2703.13,98.3,-0.1825,136813,3.9,0.1,2258.834,55.33000183,54.86000061,-0.470001221,0,6.884776477,8.359413364
9/30/2018,11/8/2018,AYX,54179000,5810000,10531000,194724000,526490000,331766000,,61103000,20687.278,1.18087408,2.471481667,2849.6,98.1,-0.6204,134561,3.8,0.11,2274.868,58.29000092,55.59000015,-2.700000763,0,6.123516492,8.616434545
12/31/2018,3/1/2019,AYX,89150000,6717000,11969000,301818000,618167000,316349000,,61462000,20819.269,1.28791727,2.452050667,2698.93,98.1,-0.1487,139445,3.8,0.23,2295.174,74,68.26000214,-5.739997864,0,3.548502524,10.05771046
3/31/2019,5/2/2019,AYX,73034000,8000000,14072000,325838000,644192000,318354000,,61926000,21013.085,0.87527495,2.387288333,2721,94.5,-0.3621,123508,3.9,0.73,2254.933,95.45999908,92.36000061,-3.099998474,0,4.358983487,10.40260957
6/30/2019,8/1/2019,AYX,78945000,9295000,16381000,331428000,663502000,332074000,,62613000,21272.448,0.46067806,2.408969333,2882.33,98.5,-0.513,126995,3.6,0.47,2311.3,131.5700073,125.6500015,-5.920005798,0,4.206396859,10.59687285
9/30/2019,11/1/2019,AYX,96920000,9645000,17755000,386426000,1239000000,852574000,,63966000,21531.839,0.36520973,2.565620333,2957.85,93.8,-0.2285,120227,3.6,0.35,2269.075,99.27999878,95.30999756,-3.970001221,0,8.796677672,19.36966513
12/31/2019,2/14/2020,AYX,156450000,12211000,20892000,424569000,1342000000,917431000,,65170000,21706.532,0.43873377,2.749306333,3082.76,97.2,-0.1624,155655,3.6,0.71,2383.929,158,156.6399994,-1.36000061,0,5.864052413,20.59229707
3/31/2020,5/7/2020,AYX,99528000,13047000,26181000,426063000,1323000000,896937000,,65569000,21538.032,0.23108155,2.752460667,3055.87,96.6,0.9415,170156,3.8,33.45,2202.657,118.9599991,128.3999939,9.439994812,1,9.011906197,20.17721789
6/30/2020,8/7/2020,AYX,86737000,9635000,23256000,409239000,1316000000,906761000,,66039000,19636.731,-0.09771677,2.122902,2931.69,74.1,1.0473,239587,13,33.35,2078.07,121.3799973,109.2300034,-12.1499939,0,10.45414298,19.92761853
9/30/2020,11/6/2020,AYX,120114000,10414000,25232000,435417000,1356000000,920583000,,66265000,21362.428,-0.36527181,2.238408667,3319.83,75.7,-0.0865,221081,8.8,0.02,2702.715,115.4199982,115.2099991,-0.209999084,0,7.664243968,20.46329133
12/31/2020,2/12/2021,AYX,160527000,10743000,26448000,476496000,1465000000,988504000,,66547000,21704.706,-0.24600518,1.785781667,3554.5,79.8,-0.1765,245243,6.8,0.21,2615.907,118.2300034,115.0800018,-3.150001526,0,6.157867524,22.01451606
3/31/2021,5/5/2021,AYX,109161000,10841000,31322000,451739000,1416000000,964261000,,66932000,22313.85,-0.15111138,1.583668333,3865.71,80.2,-0.5785,261600,6.2,0,2937.989,79.06999969,77.95999908,-1.11000061,0,8.833383718,21.15579992
6/30/2021,8/4/2021,AYX,110435000,12930000,30866000,432000000,1472000000,1040000000,,67173000,23046.934,0.04977656,2.491358,4183.63,85.6,-0.9187,268350,5.9,0.15,3209.367,68.51000214,74.47000122,5.959999084,1,9.417304297,21.91356646
9/30/2021,11/3/2021,AYX,113528000,15466000,33457000,410000000,1474000000,1064000000,,67325000,23550.42,-0.14023619,2.432303667,4421.67,74.8,-0.7987,270392,5.1,0.18,3214.189,77.76000214,79.56999969,1.809997559,1,9.37213727,21.89379874
12/31/2021,2/15/2022,AYX,158603000,16516000,36775000,403000000,1600000000,1197000000,,67437000,24349.121,0.1145294,3.244694,4602.11,69.9,-0.6983,260115,4.2,0.11,3190.746,52.18999863,58.77999878,6.590000153,1,7.547146019,23.72584783
3/31/2022,5/4/2022,AYX,160651000,24241000,50150000,231000000,1477000000,1246000000,,67826000,24740.48,0.36939264,4.284717333,4463.86,63.1,-0.4063,255821,3.8,0.13,3328.491,70.62999725,63.09999847,-7.529998779,0,7.755943007,21.77630997
6/30/2022,8/3/2022,AYX,178176000,29772000,57077000,171000000,1456000000,1285000000,,68311000,25248.476,1.05946385,5.043240667,4105.67,57.9,-0.1295,199421,3.6,0.19,3521.785,60.20000076,62.52999878,2.329998016,1,7.211970187,21.3142832
9/30/2022,11/2/2022,AYX,213258000,31994000,54803000,156000000,1424000000,1268000000,,68673000,25723.941,1.04068297,6.003276333,3980.35,56.1,-0.2758,191141,3.6,0.07,3347.843,48.15000153,42.68999863,-5.460002899,0,5.945849628,20.73595154
12/31/2022,2/10/2023,AYX,309210000,31777000,59423000,173000000,1557000000,1384000000,,69221000,26137.992,1.76805674,6.484403333,3851.97,58.8,-0.1566,188009,3.6,0.88,3185.64,62.91999817,68.25,5.330001831,1,4.475922512,22.49317404
4/30/2018,6/12/2018,SMAR,36319000,7323000,12844000,21140000,115035000,93895000,,22040000000,20470.197,1.15872476,2.530544333,2703.13,98.3,-0.1825,136813,3.9,0.1,2258.834,26.47999954,28.43000031,1.950000763,1,2.585285938,0.005219374
7/31/2018,9/10/2018,SMAR,84768000,8155000,14412000,176427000,285201000,108774000,,89287000,20687.278,1.18087408,2.471481667,2849.6,98.1,-0.6204,134561,3.8,0.11,2274.868,28.67000008,28.55999947,-0.11000061,0,1.283196489,3.194205203
10/31/2018,12/10/2018,SMAR,46868000,8704000,15599000,171614000,291809000,120195000,,103316000,20819.269,1.28791727,2.452050667,2698.93,98.1,-0.1487,139445,3.8,0.23,2295.174,24.78000069,24.5,-0.280000687,0,2.564542972,2.82443184
1/31/2019,4/1/2019,SMAR,55529000,9667000,15986000,166992000,308744000,141752000,,20281000,21013.085,0.87527495,2.387288333,2721,94.5,-0.3621,123508,3.9,0.73,2254.933,39.68000031,40.20999908,0.529998779,1,2.552756217,15.22331246
4/30/2019,6/7/2019,SMAR,56156000,10485000,20238000,162795000,363237000,200442000,,106378000,21272.448,0.46067806,2.408969333,2882.33,98.5,-0.513,126995,3.6,0.47,2311.3,45.5,44.31000137,-1.189998627,0,3.569378161,3.414587603
7/31/2019,9/10/2019,SMAR,66758000,12665000,22210000,536941000,757231000,220290000,,116348000,21531.839,0.36520973,2.565620333,2957.85,93.8,-0.2285,120227,3.6,0.35,2269.075,38.18999863,41.40000153,3.210002899,1,3.299829234,6.508328463
10/31/2019,12/11/2019,SMAR,74335000,14098000,25049000,527037000,774777000,247740000,,117370000,21706.532,0.43873377,2.749306333,3082.76,97.2,-0.1624,155655,3.6,0.71,2383.929,42.88999939,42.00999832,-0.880001068,0,3.332750387,6.601150209
1/31/2020,3/31/2020,SMAR,72107000,15652000,27973000,514060000,797714000,283654000,,118194000,21538.032,0.23108155,2.752460667,3055.87,96.6,0.9415,170156,3.8,33.45,2202.657,41.50999832,39.34000015,-2.169998169,0,3.933792836,6.749192006
4/30/2020,6/8/2020,SMAR,86717000,18441000,25991000,510363000,782606000,272243000,,118868000,19636.731,-0.09771677,2.122902,2931.69,74.1,1.0473,239587,13,33.35,2078.07,45.58000183,45.25,-0.330001831,0,3.139442093,6.583824074
7/31/2020,9/4/2020,SMAR,91314000,19018000,28089000,505725000,788883000,283158000,,119921000,21362.428,-0.36527181,2.238408667,3319.83,75.7,-0.0865,221081,8.8,0.02,2702.715,48.54000092,48.00999832,-0.530002594,0,3.100926473,6.578355751
10/31/2020,12/8/2020,SMAR,98947000,23730000,32369000,528582000,831529000,302947000,,121203000,21704.706,-0.24600518,1.785781667,3554.5,79.8,-0.1765,245243,6.8,0.21,2615.907,69.31999969,69.06999969,-0.25,0,3.061709804,6.860630512
1/31/2021,3/25/2021,SMAR,108582000,24350000,32273000,526929000,911789000,384860000,,122634000,22313.85,-0.15111138,1.583668333,3865.71,80.2,-0.5785,261600,6.2,0,2937.989,62.45999908,60.20999908,-2.25,0,3.544418044,7.435042484
4/30/2021,6/4/2021,SMAR,117412000,26572000,36474000,523510000,903476000,379966000,,124110000,23046.934,0.04977656,2.491358,4183.63,85.6,-0.9187,268350,5.9,0.15,3209.367,63.36000061,63.22999954,-0.130001068,0,3.236176881,7.27963903
7/31/2021,9/8/2021,SMAR,131748000,27466000,39079000,511148000,920733000,409585000,,125210000,23550.42,-0.14023619,2.432303667,4421.67,74.8,-0.7987,270392,5.1,0.18,3214.189,70.83999634,72.88999939,2.050003052,1,3.108851747,7.353510103
10/31/2021,12/8/2021,SMAR,144640000,29415000,41151000,511753000,936106000,424353000,,126118000,24349.121,0.1145294,3.244694,4602.11,69.9,-0.6983,260115,4.2,0.11,3190.746,76.36000061,70.98999786,-5.370002747,0,2.933856471,7.422461504
1/31/2022,3/25/2022,SMAR,156439000,33020000,48736000,504947000,1003000000,498053000,,127057000,24740.48,0.36939264,4.284717333,4463.86,63.1,-0.4063,255821,3.8,0.13,3328.491,53.34000015,54.38000107,1.040000916,1,3.183688211,7.894094776
4/30/2022,6/7/2022,SMAR,168109000,37158000,52519000,480976000,981958000,500982000,,128519000,25248.476,1.05946385,5.043240667,4105.67,57.9,-0.1295,199421,3.6,0.19,3521.785,40.58000183,35.79999924,-4.780002594,0,2.980102196,7.640566764
7/31/2022,9/7/2022,SMAR,187972000,40551000,53784000,474703000,994249000,519546000,,129645000,25723.941,1.04068297,6.003276333,3980.35,56.1,-0.2758,191141,3.6,0.07,3347.843,33.5,37.75999832,4.259998322,1,2.763954206,7.669011531
10/31/2022,12/8/2022,SMAR,202081000,42863000,50526000,472152000,1014000000,541848000,,130634000,26137.992,1.76805674,6.484403333,3851.97,58.8,-0.1566,188009,3.6,0.88,3185.64,36.84999847,40.47999954,3.630001068,1,2.681340651,7.762144618
1/31/2023,3/22/2023,SMAR,209129000,44713000,58376000,485449000,1110000000,624551000,,131451000,26629.7225,1.7543125,6.53331693,3610.215,55.3,-0.09135,155669,3.5,0.85,3358.188149,46.84999847,47.11999893,0.270000458,1,2.986438992,8.444211151
5/6/2018,6/14/2018,AVGO,5014000000,2463000000,936000000,32067000000,54936000000,22869000000,1235000000,436235000,20470.197,1.15872476,2.530544333,2703.13,98.3,-0.1825,136813,3.9,0.1,2258.834,223.8534241,220.5514679,-3.301956177,0,4.561029118,125.9321237
8/5/2018,9/13/2018,AVGO,5063000000,2444000000,959000000,27452000000,50372000000,22920000000,1216000000,413297000,20687.278,1.18087408,2.471481667,2849.6,98.1,-0.6204,134561,3.8,0.11,2274.868,198.9357452,198.437149,-0.498596191,0,4.5269603,121.8784554
11/4/2018,12/21/2018,AVGO,5444000000,2509000000,948000000,26657000000,50124000000,23467000000,1124000000,407638000,20819.269,1.28791727,2.452050667,2698.93,98.1,-0.1487,139445,3.8,0.23,2295.174,210.7060547,201.147644,-9.558410645,0,4.310617193,122.9620398
2/3/2019,3/15/2019,AVGO,5789000000,2581000000,1133000000,23224000000,72110000000,48886000000,1074000000,396154000,21013.085,0.87527495,2.387288333,2721,94.5,-0.3621,123508,3.9,0.73,2254.933,249.7483521,252.8025513,3.054199219,1,8.444636379,182.025172
5/5/2019,6/14/2019,AVGO,5517000000,2428000000,1151000000,22172000000,70916000000,48744000000,1034000000,398514000,21272.448,0.46067806,2.408969333,2882.33,98.5,-0.513,126995,3.6,0.47,2311.3,230.8341064,230.868866,0.034759521,1,8.835236542,177.9510883
8/4/2019,9/13/2019,AVGO,5515000000,2481000000,1235000000,21503000000,69767000000,48264000000,1091000000,397613000,21531.839,0.36520973,2.565620333,2957.85,93.8,-0.2285,120227,3.6,0.35,2269.075,254.4213715,252.9666748,-1.454696655,0,8.751405258,175.4645849
11/3/2019,12/20/2019,AVGO,5776000000,2624000000,1177000000,24970000000,67493000000,42523000000,874000000,397561000,21706.532,0.43873377,2.749306333,3082.76,97.2,-0.1624,155655,3.6,0.71,2383.929,284.9851379,285.4587097,0.473571777,1,7.362015235,169.7676583
2/2/2020,3/13/2020,AVGO,5858000000,2594000000,1289000000,24396000000,81006000000,56610000000,944000000,399431000,21538.032,0.23108155,2.752460667,3055.87,96.6,0.9415,170156,3.8,33.45,2202.657,209.2452393,167.5784149,-41.66682434,0,9.66370775,202.803488
5/3/2020,6/12/2020,AVGO,5742000000,2553000000,1269000000,23970000000,81548000000,57578000000,953000000,402103000,19636.731,-0.09771677,2.122902,2931.69,74.1,1.0473,239587,13,33.35,2078.07,272.7939148,276.2827454,3.488830566,1,10.02751654,202.8037592
8/2/2020,9/11/2020,AVGO,5821000000,2505000000,1228000000,23585000000,79298000000,55713000000,1081000000,404000000,21362.428,-0.36527181,2.238408667,3319.83,75.7,-0.0865,221081,8.8,0.02,2702.715,330.1744995,332.4692688,2.294769287,1,9.571035904,196.2821782
11/1/2020,12/18/2020,AVGO,6467000000,2720000000,1182000000,23901000000,75933000000,52032000000,1003000000,407000000,21704.706,-0.24600518,1.785781667,3554.5,79.8,-0.1765,245243,6.8,0.21,2615.907,405.9561462,400.6499939,-5.306152344,0,8.045770837,186.5675676
1/31/2021,3/12/2021,AVGO,6655000000,2703000000,1211000000,23999000000,76972000000,52973000000,952000000,408000000,22313.85,-0.15111138,1.583668333,3865.71,80.2,-0.5785,261600,6.2,0,2937.989,421.4728699,439.7826538,18.30978394,1,7.95987979,188.6568627
5/2/2021,6/11/2021,AVGO,6610000000,2553000000,1238000000,23966000000,75524000000,51558000000,1004000000,410000000,23046.934,0.04977656,2.491358,4183.63,85.6,-0.9187,268350,5.9,0.15,3209.367,443.15448,447.984314,4.829833984,1,7.8,184.204878
8/1/2021,9/9/2021,AVGO,6778000000,2581000000,1205000000,24367000000,75880000000,51513000000,1160000000,412000000,23550.42,-0.14023619,2.432303667,4421.67,74.8,-0.7987,270392,5.1,0.18,3214.189,468.2476807,473.4378357,5.190155029,1,7.600029507,184.1747573
10/31/2021,12/17/2021,AVGO,7407000000,2769000000,1200000000,24989000000,75570000000,50581000000,1297000000,413000000,24349.121,0.1145294,3.244694,4602.11,69.9,-0.6983,260115,4.2,0.11,3190.746,606.8967896,616.5216675,9.62487793,1,6.828810585,182.9782082
1/30/2022,3/10/2022,AVGO,7706000000,2657000000,1206000000,22994000000,73224000000,50230000000,1520000000,410000000,24740.48,0.36939264,4.284717333,4463.86,63.1,-0.4063,255821,3.8,0.13,3328.491,565.3475952,546.1766968,-19.17089844,0,6.518297431,178.595122
5/1/2022,6/9/2022,AVGO,8103000000,2664000000,1261000000,20990000000,71719000000,50729000000,1668000000,406000000,25248.476,1.05946385,5.043240667,4105.67,57.9,-0.1295,199421,3.6,0.19,3521.785,538.6557007,501.2746277,-37.381073,0,6.260520795,176.6477833
7/31/2022,9/8/2022,AVGO,8464000000,2783000000,1255000000,20903000000,71326000000,50423000000,1838000000,405000000,25723.941,1.04068297,6.003276333,3980.35,56.1,-0.2758,191141,3.6,0.07,3347.843,499.8743591,516.6009521,16.72659302,1,5.957348771,176.1135802
10/30/2022,12/16/2022,AVGO,8930000000,3004000000,1197000000,22709000000,73249000000,50540000000,1925000000,418000000,26137.992,1.76805674,6.484403333,3851.97,58.8,-0.1566,188009,3.6,0.88,3185.64,547.3702393,545.7023315,-1.667907715,0,5.659574468,175.2368421
1/29/2023,3/8/2023,AVGO,8915000000,2911000000,1195000000,23310000000,72976000000,49666000000,1899000000,417000000,26629.7225,1.7543125,6.53331693,3610.215,55.3,-0.09135,155669,3.5,0.85,3358.188149,627.7418213,610.4364014,-17.30541992,0,5.571060011,175.0023981
8/31/2019,10/29/2019,ACN,11056000000,7621000000,,14409000000,29790000000,15381000000,,637049000,21531.839,0.36520973,2.565620333,2957.85,93.8,-0.2285,120227,3.6,0.35,2269.075,175.8290863,176.4189301,0.58984375,1,1.391190304,46.76249394
11/30/2019,12/19/2019,ACN,11359000000,7711000000,,15167000000,33171000000,18004000000,,635722000,21706.532,0.43873377,2.749306333,3082.76,97.2,-0.1624,155655,3.6,0.71,2383.929,198.1882324,200.5954437,2.407211304,1,1.584998679,52.17846795
2/29/2020,3/19/2020,ACN,11142000000,7782000000,,15474000000,33503000000,18029000000,,637486000,21538.032,0.23108155,2.752460667,3055.87,96.6,0.9415,170156,3.8,33.45,2202.657,151.3887634,137.2432404,-14.14552307,0,1.61811165,52.55487964
5/31/2020,6/25/2020,ACN,10991000000,7463000000,,16014000000,35057000000,19043000000,,636146000,19636.731,-0.09771677,2.122902,2931.69,74.1,1.0473,239587,13,33.35,2078.07,208.5063934,204.0929108,-4.413482666,0,1.7325994,55.10841851
8/31/2020,10/22/2020,ACN,10835000000,7395000000,,17001000000,37079000000,20078000000,,635888000,21362.428,-0.36527181,2.238408667,3319.83,75.7,-0.0865,221081,8.8,0.02,2702.715,220.5497437,211.936142,-8.613601685,0,1.853068759,58.310583
11/30/2020,12/17/2020,ACN,11762000000,7864000000,,17906000000,38268000000,20362000000,,634271000,21704.706,-0.24600518,1.785781667,3554.5,79.8,-0.1765,245243,6.8,0.21,2615.907,255.6709747,252.7225037,-2.948471069,0,1.731168169,60.33383207
2/28/2021,3/18/2021,ACN,12088000000,8493000000,,18308000000,39985000000,21677000000,,635994000,22313.85,-0.15111138,1.583668333,3865.71,80.2,-0.5785,261600,6.2,0,2937.989,258.8921814,257.2528992,-1.639282227,0,1.793266049,62.87008997
5/31/2021,6/24/2021,ACN,13264000000,8859000000,,19343000000,42125000000,22782000000,,635204000,23046.934,0.04977656,2.491358,4183.63,85.6,-0.9187,268350,5.9,0.15,3209.367,283.6982117,285.9750977,2.276885986,1,1.717581423,66.3172776
8/31/2021,10/15/2021,ACN,13419000000,8953000000,,19530000000,43176000000,23646000000,,633546000,23550.42,-0.14023619,2.432303667,4421.67,74.8,-0.7987,270392,5.1,0.18,3214.189,334.532074,335.8630676,1.330993652,1,1.762128326,68.14974761
11/30/2021,12/16/2021,ACN,14965000000,10048000000,,20353000000,43675000000,23322000000,,632281000,24349.121,0.1145294,3.244694,4602.11,69.9,-0.6983,260115,4.2,0.11,3190.746,392.0588684,377.5548096,-14.50405884,0,1.558436351,69.07530038
2/28/2022,3/17/2022,ACN,15047000000,10523000000,,20560000000,44318000000,23758000000,,633957000,24740.48,0.36939264,4.284717333,4463.86,63.1,-0.4063,255821,3.8,0.13,3328.491,313.4986572,318.4047241,4.906066895,1,1.578919386,69.90694952
5/31/2022,6/23/2022,ACN,16159000000,10844000000,,21389000000,46095000000,24706000000,,632749000,25248.476,1.05946385,5.043240667,4105.67,57.9,-0.1295,199421,3.6,0.19,3521.785,281.2961731,287.9785156,6.682342529,1,1.528931246,72.84879154
8/31/2022,10/12/2022,ACN,15424000000,10478000000,,22106000000,47263000000,25157000000,,632095000,25723.941,1.04068297,6.003276333,3980.35,56.1,-0.2758,191141,3.6,0.07,3347.843,248.0771027,250.7059937,2.628890991,1,1.631029564,74.77198839
11/30/2022,12/16/2022,ACN,15748000000,10562000000,,22975000000,47116000000,24141000000,,630137000,26137.992,1.76805674,6.484403333,3851.97,58.8,-0.1566,188009,3.6,0.88,3185.64,262.3722839,253.364624,-9.007659912,0,1.532956566,74.77104185
2/28/2023,3/23/2023,ACN,15814000000,10979000000,,23762000000,47727000000,23965000000,,630845000,26629.7225,1.7543125,6.53331693,3610.215,55.3,-0.09135,155669,3.5,0.85,3358.188149,270.5973816,272.8883667,2.290985107,1,1.515429366,75.65566819
3/31/2018,5/3/2018,TXN,3789000000,1342000000,385000000,10642000000,17507000000,6865000000,2032000000,983000000,20155.486,0.99726438,2.222466,2733.48,98.9,-0.3239,156478,4,0.13,2202.037,90.51774597,91.86258698,1.344841003,1,1.8118237,17.80976602
6/30/2018,8/2/2018,TXN,4017000000,1398000000,384000000,10634000000,18527000000,7893000000,2090000000,977000000,20470.197,1.15872476,2.530544333,2703.13,98.3,-0.1825,136813,3.9,0.1,2258.834,99.17684937,99.97231293,0.795463562,1,1.964899178,18.96315251
9/30/2018,11/2/2018,TXN,4261000000,1457000000,390000000,10516000000,18573000000,8057000000,2116000000,969000000,20687.278,1.18087408,2.471481667,2849.6,98.1,-0.6204,134561,3.8,0.11,2274.868,84.74237061,85.27727509,0.53490448,1,1.890870688,19.16718266
12/31/2018,2/22/2019,TXN,3717000000,1310000000,400000000,8994000000,17137000000,8143000000,2217000000,952000000,20819.269,1.28791727,2.452050667,2698.93,98.1,-0.1487,139445,3.8,0.23,2295.174,96.39516449,97.18564606,0.790481567,1,2.190745225,18.00105042
3/31/2019,4/30/2019,TXN,3594000000,1333000000,389000000,8519000000,17443000000,8924000000,2131000000,939000000,21013.085,0.87527495,2.387288333,2721,94.5,-0.3621,123508,3.9,0.73,2254.933,105.8451309,105.5127792,-0.332351685,0,2.483027268,18.57614483
6/30/2019,7/31/2019,TXN,3668000000,1308000000,390000000,8486000000,17384000000,8898000000,2079000000,937000000,21272.448,0.46067806,2.408969333,2882.33,98.5,-0.513,126995,3.6,0.47,2311.3,113.7095108,110.8078766,-2.901634216,0,2.425845147,18.55282818
9/30/2019,10/31/2019,TXN,3771000000,1325000000,379000000,8985000000,17992000000,9007000000,2040000000,935000000,21531.839,0.36520973,2.565620333,2957.85,93.8,-0.2285,120227,3.6,0.35,2269.075,108.1331253,110.8641815,2.731056213,1,2.388491116,19.24278075
12/31/2019,2/20/2020,TXN,3350000000,1253000000,386000000,8907000000,18018000000,9111000000,2001000000,933000000,21706.532,0.43873377,2.749306333,3082.76,97.2,-0.1624,155655,3.6,0.71,2383.929,121.3573914,112.0988846,-9.258506775,0,2.719701493,19.31189711
3/31/2020,4/22/2020,TXN,3329000000,1241000000,377000000,7734000000,17283000000,9549000000,2003000000,931000000,21538.032,0.23108155,2.752460667,3055.87,96.6,0.9415,170156,3.8,33.45,2202.657,103.3665466,105.1665344,1.799987793,1,2.868428958,18.56390977
6/30/2020,7/22/2020,TXN,3239000000,1157000000,379000000,7644000000,17445000000,9801000000,2136000000,916000000,19636.731,-0.09771677,2.122902,2931.69,74.1,1.0473,239587,13,33.35,2078.07,123.2918472,120.5940018,-2.697845459,0,3.02593393,19.04475983
9/30/2020,10/21/2020,TXN,3817000000,1364000000,386000000,8325000000,18207000000,9882000000,2072000000,917000000,21362.428,-0.36527181,2.238408667,3319.83,75.7,-0.0865,221081,8.8,0.02,2702.715,136.8796692,140.4672241,3.587554932,1,2.588944197,19.85496183
12/31/2020,2/5/2021,TXN,4076000000,1430000000,388000000,9187000000,19351000000,10164000000,1955000000,921000000,21704.706,-0.24600518,1.785781667,3554.5,79.8,-0.1765,245243,6.8,0.21,2615.907,161.2887115,166.2148132,4.926101685,1,2.493621197,21.01085776
3/31/2021,4/28/2021,TXN,4289000000,1492000000,386000000,10166000000,19639000000,9473000000,1890000000,922000000,22313.85,-0.15111138,1.583668333,3865.71,80.2,-0.5785,261600,6.2,0,2937.989,172.5740967,172.2763519,-0.297744751,0,2.20867335,21.30043384
6/30/2021,7/22/2021,TXN,4580000000,1503000000,391000000,11153000000,20603000000,9450000000,1856000000,923000000,23046.934,0.04977656,2.491358,4183.63,85.6,-0.9187,268350,5.9,0.15,3209.367,175.5212708,180.6749115,5.153640747,1,2.063318777,22.32177681
9/30/2021,10/27/2021,TXN,4643000000,1491000000,388000000,12151000000,23273000000,11122000000,1863000000,923000000,23550.42,-0.14023619,2.432303667,4421.67,74.8,-0.7987,270392,5.1,0.18,3214.189,179.5616608,181.0345001,1.472839355,1,2.395433987,25.21451788
12/31/2021,2/4/2022,TXN,4832000000,1482000000,389000000,13333000000,24676000000,11343000000,1910000000,923000000,24349.121,0.1145294,3.244694,4602.11,69.9,-0.6983,260115,4.2,0.11,3190.746,166.6227875,165.193924,-1.428863525,0,2.347475166,26.73456121
3/31/2022,4/27/2022,TXN,4905000000,1463000000,391000000,14017000000,25276000000,11259000000,2060000000,923000000,24740.48,0.36939264,4.284717333,4463.86,63.1,-0.4063,255821,3.8,0.13,3328.491,164.6495972,165.4855347,0.8359375,1,2.295412844,27.38461538
6/30/2022,7/27/2022,TXN,5212000000,1587000000,414000000,14092000000,24723000000,10631000000,2199000000,920000000,25248.476,1.05946385,5.043240667,4105.67,57.9,-0.1295,199421,3.6,0.19,3521.785,167.8731689,176.2191315,8.345962524,1,2.03971604,26.87282609
9/30/2022,10/26/2022,TXN,5241000000,1624000000,431000000,14507000000,26057000000,11550000000,2404000000,913000000,25723.941,1.04068297,6.003276333,3980.35,56.1,-0.2758,191141,3.6,0.07,3347.843,155.5129547,160.2182159,4.70526123,1,2.203777905,28.53997809
12/31/2022,2/3/2023,TXN,4670000000,1583000000,434000000,14577000000,27207000000,12630000000,2757000000,907000000,26137.992,1.76805674,6.484403333,3851.97,58.8,-0.1566,188009,3.6,0.88,3185.64,182.2899933,181,-1.289993286,0,2.704496788,29.99669239
5/31/2018,6/22/2018,ORCL,39383000000,754000000,1543000000,46521000000,1.38E+11,91479000000,398000000,3997000000,20470.197,1.15872476,2.530544333,2703.13,98.3,-0.1825,136813,3.9,0.1,2258.834,40.59975815,40.76546097,0.16570282,1,2.322804256,34.52589442
8/31/2018,9/19/2018,ORCL,8630000000,1953000000,1564000000,37709000000,1.28E+11,90291000000,,3811000000,20687.278,1.18087408,2.471481667,2849.6,98.1,-0.6204,134561,3.8,0.11,2274.868,45.68519974,47.22867966,1.543479919,1,10.46245655,33.58698504
11/30/2018,12/19/2018,ORCL,9021000000,2001000000,1475000000,30254000000,1.18E+11,87746000000,,3632000000,20819.269,1.28791727,2.452050667,2698.93,98.1,-0.1487,139445,3.8,0.23,2295.174,43.10381317,40.83031464,-2.273498535,0,9.72685955,32.48898678
2/28/2019,3/18/2019,ORCL,9092000000,1976000000,1426000000,23276000000,1.09E+11,85724000000,,3443000000,21013.085,0.87527495,2.387288333,2721,94.5,-0.3621,123508,3.9,0.73,2254.933,49.805233,49.04129791,-0.763935089,0,9.428508579,31.65843741
5/31/2019,6/21/2019,ORCL,39506000000,2063000000,1562000000,22076000000,1.09E+11,86924000000,320000000,3359000000,21272.448,0.46067806,2.408969333,2882.33,98.5,-0.513,126995,3.6,0.47,2311.3,52.51753998,53.09774399,0.58020401,1,2.200273376,32.45013397
8/31/2019,9/13/2019,ORCL,8673000000,1957000000,1557000000,18204000000,1.06E+11,87796000000,,3296000000,21531.839,0.36520973,2.565620333,2957.85,93.8,-0.2285,120227,3.6,0.35,2269.075,50.50328064,49.93012619,-0.573154449,0,10.12291018,32.16019417
11/30/2019,12/13/2019,ORCL,9127000000,2048000000,1531000000,15563000000,98443000000,82880000000,,3214000000,21706.532,0.43873377,2.749306333,3082.76,97.2,-0.1624,155655,3.6,0.71,2383.929,51.44581223,50.95503998,-0.490772247,0,9.080749425,30.62943373
2/29/2020,3/13/2020,ORCL,9297000000,1964000000,1500000000,14235000000,96704000000,82469000000,,3161000000,21538.032,0.23108155,2.752460667,3055.87,96.6,0.9415,170156,3.8,33.45,2202.657,45.43704224,40.49802399,-4.93901825,0,8.870495859,30.59285036
5/31/2020,6/22/2020,ORCL,39068000000,1969000000,1479000000,12000000000,1.15E+11,1.03E+11,211000000,3067000000,19636.731,-0.09771677,2.122902,2931.69,74.1,1.0473,239587,13,33.35,2078.07,52.501297,51.85361481,-0.64768219,0,2.636428791,37.49592436
8/31/2020,9/15/2020,ORCL,8703000000,1880000000,1589000000,10000000000,1.14E+11,1.04E+11,,3014000000,21362.428,-0.36527181,2.238408667,3319.83,75.7,-0.0865,221081,8.8,0.02,2702.715,58.29019547,57.56323624,-0.726959229,0,11.94990233,37.82349038
11/30/2020,12/11/2020,ORCL,9184000000,1939000000,1601000000,8000000000,1.10E+11,1.02E+11,,2952000000,21704.706,-0.24600518,1.785781667,3554.5,79.8,-0.1765,245243,6.8,0.21,2615.907,58.20929718,58.35335159,0.144054413,1,11.10627178,37.26287263
2/28/2021,3/11/2021,ORCL,9482000000,1915000000,1621000000,9000000000,1.18E+11,1.09E+11,,2895000000,22313.85,-0.15111138,1.583668333,3865.71,80.2,-0.5785,261600,6.2,0,2937.989,64.98767853,65.29618835,0.308509827,1,11.49546509,40.75993092
5/31/2021,6/21/2021,ORCL,40479000000,2122000000,1715000000,5000000000,1.31E+11,1.26E+11,142000000,2814000000,23046.934,0.04977656,2.491358,4183.63,85.6,-0.9187,268350,5.9,0.15,3209.367,75.51280975,75.61929321,0.106483459,1,3.112725117,46.55294954
8/31/2021,9/13/2021,ORCL,8988000000,2103000000,1684000000,-1000000000,1.23E+11,1.24E+11,,2743000000,23550.42,-0.14023619,2.432303667,4421.67,74.8,-0.7987,270392,5.1,0.18,3214.189,86.38407135,85.25678253,-1.127288818,0,13.79617267,44.84141451
11/30/2021,12/10/2021,ORCL,9635000000,2159000000,1754000000,-10000000000,1.07E+11,1.17E+11,,2671000000,24349.121,0.1145294,3.244694,4602.11,69.9,-0.6983,260115,4.2,0.11,3190.746,100.0836716,98.38684082,-1.69683075,0,12.14322782,40.05990266
2/28/2022,3/11/2022,ORCL,9817000000,2218000000,1816000000,-8000000000,1.09E+11,1.17E+11,,2668000000,24740.48,0.36939264,4.284717333,4463.86,63.1,-0.4063,255821,3.8,0.13,3328.491,76.17114258,75.43704224,-0.734100342,0,11.91810125,40.85457271
5/31/2022,6/21/2022,ORCL,42440000000,2397000000,1965000000,-7000000000,1.09E+11,1.16E+11,314000000,2665000000,25248.476,1.05946385,5.043240667,4105.67,57.9,-0.1295,199421,3.6,0.19,3521.785,66.50514984,66.45600891,-0.04914093,0,2.7332705,40.90056285
8/31/2022,9/13/2022,ORCL,10587000000,3037000000,2093000000,-6000000000,1.30E+11,1.36E+11,,2696000000,25723.941,1.04068297,6.003276333,3980.35,56.1,-0.2758,191141,3.6,0.07,3347.843,75.05420685,69.32939911,-5.724807739,0,12.84594314,48.21958457
11/30/2022,12/13/2022,ORCL,11364000000,3358000000,2158000000,-5000000000,1.28E+11,1.33E+11,,2695000000,26137.992,1.76805674,6.484403333,3851.97,58.8,-0.1566,188009,3.6,0.88,3185.64,79.92435455,79.43822479,-0.486129761,0,11.70362548,47.49536178
2/28/2023,3/10/2023,ORCL,11435000000,3439000000,2146000000,-2000000000,1.32E+11,1.34E+11,,2700000000,26629.7225,1.7543125,6.53331693,3610.215,55.3,-0.09135,155669,3.5,0.85,3358.188149,83.71942139,84.57582855,0.856407166,1,11.7184084,48.88888889
3/31/2018,4/26/2018,MSFT,26819000000,9269000000,3715000000,79000000000,2.45E+11,1.66E+11,2084000000,7690000000,20155.486,0.99726438,2.222466,2733.48,98.9,-0.3239,156478,4,0.13,2202.037,88.96019745,88.2618103,-0.698387146,0,6.189641672,31.85955787
6/30/2018,8/3/2018,MSFT,30085000000,9742000000,3933000000,83000000000,2.59E+11,1.76E+11,2662000000,7677000000,20470.197,1.15872476,2.530544333,2703.13,98.3,-0.1825,136813,3.9,0.1,2258.834,102.4073715,102.4926758,0.08530426,1,5.850091408,33.7371369
9/30/2018,10/24/2018,MSFT,28615000000,9905000000,3977000000,86000000000,2.58E+11,1.72E+11,3614000000,7680000000,20687.278,1.18087408,2.471481667,2849.6,98.1,-0.6204,134561,3.8,0.11,2274.868,97.35881042,101.7738266,4.415016174,1,6.010833479,33.59375
12/31/2018,1/30/2019,MSFT,31796000000,12423000000,4070000000,92000000000,2.59E+11,1.67E+11,1961000000,7683000000,20819.269,1.28791727,2.452050667,2698.93,98.1,-0.1487,139445,3.8,0.23,2295.174,101.6592407,98.21899414,-3.440246582,0,5.252232985,33.71079006
3/31/2019,4/24/2019,MSFT,29993000000,10170000000,4316000000,95000000000,2.63E+11,1.68E+11,1951000000,7666000000,21013.085,0.87527495,2.387288333,2721,94.5,-0.3621,123508,3.9,0.73,2254.933,119.9726944,124.6560669,4.683372498,1,5.601306972,34.30733107
6/30/2019,8/1/2019,MSFT,33717000000,10412000000,4513000000,1.03E+11,2.87E+11,1.84E+11,2063000000,7643000000,21272.448,0.46067806,2.408969333,2882.33,98.5,-0.513,126995,3.6,0.47,2311.3,132.9872894,127.3522644,-5.635025024,0,5.457187769,37.55069999
9/30/2019,10/23/2019,MSFT,32428000000,10406000000,4565000000,1.06E+11,2.79E+11,1.73E+11,2622000000,7634000000,21531.839,0.36520973,2.565620333,2957.85,93.8,-0.2285,120227,3.6,0.35,2269.075,132.6376343,136.0105743,3.372940063,1,5.334895769,36.54702646
12/31/2019,1/29/2020,MSFT,36322000000,12358000000,4603000000,1.1E+11,2.83E+11,1.73E+11,1823000000,7611000000,21706.532,0.43873377,2.749306333,3082.76,97.2,-0.1624,155655,3.6,0.71,2383.929,162.9573669,165.081131,2.123764038,1,4.762953582,37.18302457
3/31/2020,4/29/2020,MSFT,34315000000,10975000000,4887000000,1.14E+11,2.85E+11,1.71E+11,1644000000,7590000000,21538.032,0.23108155,2.752460667,3055.87,96.6,0.9415,170156,3.8,33.45,2202.657,172.5333252,169.7522888,-2.781036377,0,4.98324348,37.54940711
6/30/2020,7/30/2020,MSFT,38033000000,12339000000,5214000000,1.18E+11,3.01E+11,1.83E+11,1895000000,7571000000,19636.731,-0.09771677,2.122902,2931.69,74.1,1.0473,239587,13,33.35,2078.07,198.8250122,211.1504211,12.32540894,1,4.811610969,39.75696738
9/30/2020,10/27/2020,MSFT,36724000000,11002000000,4926000000,1.23E+11,3.01E+11,1.78E+11,2705000000,7564000000,21362.428,-0.36527181,2.238408667,3319.83,75.7,-0.0865,221081,8.8,0.02,2702.715,208.4449768,200.1071777,-8.337799072,0,4.846966561,39.79375992
12/31/2020,1/26/2021,MSFT,42558000000,14194000000,4899000000,1.3E+11,3.04E+11,1.74E+11,1924000000,7546000000,21704.706,-0.24600518,1.785781667,3554.5,79.8,-0.1765,245243,6.8,0.21,2615.907,227.689621,234.1577454,6.46812439,1,4.088537995,40.28624437
3/31/2021,4/27/2021,MSFT,41059000000,13045000000,5204000000,1.35E+11,3.09E+11,1.74E+11,2245000000,7534000000,22313.85,-0.15111138,1.583668333,3865.71,80.2,-0.5785,261600,6.2,0,2937.989,257.3288879,248.0364838,-9.292404175,0,4.237804136,41.01406955
6/30/2021,7/29/2021,MSFT,45595000000,13991000000,5687000000,1.42E+11,3.34E+11,1.92E+11,2636000000,7519000000,23046.934,0.04977656,2.491358,4183.63,85.6,-0.9187,268350,5.9,0.15,3209.367,282.0741577,280.420166,-1.653991699,0,4.210988047,44.42080064
9/30/2021,10/26/2021,MSFT,44743000000,13646000000,5599000000,1.52E+11,3.35E+11,1.83E+11,3411000000,7510000000,23550.42,-0.14023619,2.432303667,4421.67,74.8,-0.7987,270392,5.1,0.18,3214.189,305.9039001,319.9507751,14.046875,1,4.090025255,44.60719041
12/31/2021,1/25/2022,MSFT,51228000000,16960000000,5758000000,1.6E+11,3.40E+11,1.80E+11,3019000000,7500000000,24349.121,0.1145294,3.244694,4602.11,69.9,-0.6983,260115,4.2,0.11,3190.746,285.0978088,296.3143311,11.21652222,1,3.513703443,45.33333333
3/31/2022,4/26/2022,MSFT,48732000000,15615000000,6306000000,1.63E+11,3.45E+11,1.82E+11,3296000000,7483000000,24740.48,0.36939264,4.284717333,4463.86,63.1,-0.4063,255821,3.8,0.13,3328.491,267.5947876,286.8162537,19.22146606,1,3.734712304,46.10450354
6/30/2022,7/28/2022,MSFT,51406000000,16429000000,6849000000,1.67E+11,3.65E+11,1.98E+11,3742000000,7464000000,25248.476,1.05946385,5.043240667,4105.67,57.9,-0.1295,199421,3.6,0.19,3521.785,274.3621826,275.9503479,1.588165283,1,3.851690464,48.90139335
9/30/2022,10/25/2022,MSFT,49636000000,15452000000,6628000000,1.74E+11,3.60E+11,1.86E+11,4268000000,7457000000,25723.941,1.04068297,6.003276333,3980.35,56.1,-0.2758,191141,3.6,0.07,3347.843,249.3310852,225.5478516,-23.78323364,0,3.7472802,48.27678691
12/31/2022,1/24/2023,MSFT,52032000000,17488000000,6844000000,1.84E+11,3.65E+11,1.81E+11,2980000000,7447000000,26137.992,1.76805674,6.484403333,3851.97,58.8,-0.1566,188009,3.6,0.88,3185.64,241.4352722,247.3803864,5.945114136,1,3.478628536,49.01302538
5/4/2018,6/12/2018,DELL,21356000000,15478000000,1087000000,18000000000,1.23E+11,1.05E+11,2933000000,768000000,20470.197,1.15872476,2.530544333,2703.13,98.3,-0.1825,136813,3.9,0.1,2258.834,23.55890656,23.8849411,0.326034546,1,4.916651058,160.15625
8/3/2018,9/11/2018,DELL,22942000000,16819000000,1175000000,17000000000,1.23E+11,1.06E+11,3642000000,768000000,20687.278,1.18087408,2.471481667,2849.6,98.1,-0.6204,134561,3.8,0.11,2274.868,26.27316666,26.44976807,0.17660141,1,4.620346962,160.15625
11/2/2018,12/10/2018,DELL,22482000000,16539000000,1140000000,16000000000,1.21E+11,1.05E+11,3793000000,769000000,20819.269,1.28791727,2.452050667,2698.93,98.1,-0.1487,139445,3.8,0.23,2295.174,28.28644562,28.53097343,0.244527817,1,4.670402989,157.3472042
2/1/2019,3/29/2019,DELL,23841000000,16732000000,1202000000,0,1.12E+11,1.12E+11,3649000000,719000000,21013.085,0.87527495,2.387288333,2721,94.5,-0.3621,123508,3.9,0.73,2254.933,28.79836273,29.65215492,0.853792191,1,4.697789522,155.7719054
5/3/2019,6/10/2019,DELL,21908000000,81000000,1176000000,0,1.10E+11,1.10E+11,3360000000,719000000,21272.448,0.46067806,2.408969333,2882.33,98.5,-0.513,126995,3.6,0.47,2311.3,26.59518242,26.02107811,-0.574104309,0,5.020996896,152.9902643
8/2/2019,9/10/2019,DELL,23370000000,179000000,1229000000,5000000000,1.16E+11,1.11E+11,3135000000,724000000,21531.839,0.36520973,2.565620333,2957.85,93.8,-0.2285,120227,3.6,0.35,2269.075,27.22326088,26.57064629,-0.652614594,0,4.749679076,160.2209945
11/1/2019,12/9/2019,DELL,22844000000,215000000,1262000000,5000000000,1.17E+11,1.12E+11,3257000000,729000000,21706.532,0.43873377,2.749306333,3082.76,97.2,-0.1624,155655,3.6,0.71,2383.929,23.38118935,23.41062927,0.029439926,1,4.902819121,160.4938272
1/31/2020,3/27/2020,DELL,24032000000,107000000,-1213000000,4000000000,1.19E+11,1.15E+11,3281000000,743000000,21538.032,0.23108155,2.752460667,3055.87,96.6,0.9415,170156,3.8,33.45,2202.657,19.01408195,19.52930069,0.515218735,1,4.785286285,160.1615074
5/1/2020,6/8/2020,DELL,20078000000,159000000,1265000000,3000000000,1.20E+11,1.17E+11,3616000000,740000000,19636.731,-0.09771677,2.122902,2931.69,74.1,1.0473,239587,13,33.35,2078.07,25.34883881,24.23498344,-1.113855362,0,5.827273633,162.1621622
7/31/2020,9/4/2020,DELL,20853000000,174000000,1259000000,5000000000,1.21E+11,1.16E+11,3602000000,745000000,21362.428,-0.36527181,2.238408667,3319.83,75.7,-0.0865,221081,8.8,0.02,2702.715,31.72285271,31.47750664,-0.245346069,0,5.562748765,162.4161074
10/30/2020,12/7/2020,DELL,21589000000,102000000,1360000000,7000000000,1.19E+11,1.12E+11,3393000000,749000000,21704.706,-0.24600518,1.785781667,3554.5,79.8,-0.1765,245243,6.8,0.21,2615.907,34.53447723,35.09877014,0.564292908,1,5.187827134,158.8785047
1/29/2021,3/26/2021,DELL,24150000000,143000000,-1429000000,8000000000,1.23E+11,1.15E+11,3403000000,753000000,22313.85,-0.15111138,1.583668333,3865.71,80.2,-0.5785,261600,6.2,0,2937.989,43.66614914,43.28340912,-0.382740021,0,4.761904762,163.3466135
4/30/2021,6/7/2021,DELL,22590000000,163000000,619000000,9000000000,1.22E+11,1.13E+11,3828000000,764000000,23046.934,0.04977656,2.491358,4183.63,85.6,-0.9187,268350,5.9,0.15,3209.367,50.46214676,51.01171112,0.549564362,1,5.002213369,159.6858639
7/30/2021,9/3/2021,DELL,24191000000,142000000,697000000,10000000000,1.23E+11,1.13E+11,4223000000,765000000,23550.42,-0.14023619,2.432303667,4421.67,74.8,-0.7987,270392,5.1,0.18,3214.189,47.66524124,47.11076355,-0.554477692,0,4.671158695,160.7843137
10/29/2021,12/3/2021,DELL,26424000000,162000000,650000000,15000000000,1.36E+11,1.21E+11,5442000000,767000000,24349.121,0.1145294,3.244694,4602.11,69.9,-0.6983,260115,4.2,0.11,3190.746,56.61585999,56.87725449,0.261394501,1,4.579170451,177.3142112
1/28/2022,3/24/2022,DELL,27992000000,116000000,611000000,-1580000000,92735000000,94315000000,5898000000,757000000,24740.48,0.36939264,4.284717333,4463.86,63.1,-0.4063,255821,3.8,0.13,3328.491,51.80428314,52.56910324,0.764820099,1,3.36935553,122.5033025
4/29/2022,6/6/2022,DELL,26116000000,204000000,681000000,-2355000000,88406000000,90761000000,6277000000,747000000,25248.476,1.05946385,5.043240667,4105.67,57.9,-0.1295,199421,3.6,0.19,3521.785,48.78425217,49.06697464,0.282722473,1,3.475302497,118.3480589
7/29/2022,9/1/2022,DELL,26425000000,164000000,626000000,-2755000000,88775000000,91530000000,5883000000,734000000,25723.941,1.04068297,6.003276333,3980.35,56.1,-0.2758,191141,3.6,0.07,3347.843,36.98971558,36.63602829,-0.353687286,0,3.463765374,120.9468665
10/28/2022,12/5/2022,DELL,24721000000,164000000,677000000,-3368000000,85172000000,88540000000,6172000000,718000000,26137.992,1.76805674,6.484403333,3851.97,58.8,-0.1566,188009,3.6,0.88,3185.64,42.72367477,41.58292007,-1.1407547,0,3.581570325,118.6239554
2/3/2023,3/30/2023,DELL,25039000000,195000000,795000000,-3025000000,89611000000,92636000000,4776000000,716000000,26629.7225,1.7543125,6.53331693,3610.215,55.3,-0.09135,155669,3.5,0.85,3358.188149,39.86000061,40.97000122,1.11000061,1,3.699668517,125.1550279
3/31/2018,4/27/2018,AMZN,50712000000,30735000000,6759000000,31101000000,1.26E+11,94899000000,13840000000,485000000,20155.486,0.99726438,2.222466,2733.48,98.9,-0.3239,156478,4,0.13,2202.037,78.6309967,78.3065033,-0.324493408,0,1.871332229,259.7938144
6/30/2018,7/27/2018,AMZN,52543000000,30632000000,7247000000,34895000000,1.34E+11,99105000000,14824000000,487000000,20470.197,1.15872476,2.530544333,2703.13,98.3,-0.1825,136813,3.9,0.1,2258.834,90.8635025,88.96099854,-1.902503967,0,1.886169423,275.1540041
9/30/2018,10/26/2018,AMZN,56218000000,33003000000,7162000000,39000000000,1.44E+11,1.05E+11,15862000000,489000000,20687.278,1.18087408,2.471481667,2849.6,98.1,-0.6204,134561,3.8,0.11,2274.868,82.14050293,76.94400024,-5.196502686,0,1.867729197,294.4785276
12/31/2018,2/1/2019,AMZN,72383000000,44786000000,7669000000,44000000000,1.63E+11,1.19E+11,17174000000,491000000,20819.269,1.28791727,2.452050667,2698.93,98.1,-0.1487,139445,3.8,0.23,2295.174,81.31150055,81.66549683,0.353996277,1,1.644032439,331.9755601
3/31/2019,4/26/2019,AMZN,59339000000,33920000000,7927000000,48000000000,1.78E+11,1.30E+11,16432000000,492000000,21013.085,0.87527495,2.387288333,2721,94.5,-0.3621,123508,3.9,0.73,2254.933,97.53150177,96.92150116,-0.61000061,0,2.190802002,361.7886179
6/30/2019,7/26/2019,AMZN,63021000000,36337000000,9065000000,53000000000,1.91E+11,1.38E+11,18580000000,494000000,21272.448,0.46067806,2.408969333,2882.33,98.5,-0.513,126995,3.6,0.47,2311.3,97.15249634,95.62249756,-1.529998779,0,2.189746275,386.6396761
9/30/2019,10/25/2019,AMZN,69585000000,41302000000,9200000000,56000000000,1.99E+11,1.43E+11,18766000000,495000000,21531.839,0.36520973,2.565620333,2957.85,93.8,-0.2285,120227,3.6,0.35,2269.075,88.0664978,88.85399628,0.787498474,1,2.055040598,402.020202
12/31/2019,1/31/2020,AMZN,87437000000,53977000000,9740000000,62000000000,2.25E+11,1.63E+11,20497000000,498000000,21706.532,0.43873377,2.749306333,3082.76,97.2,-0.1624,155655,3.6,0.71,2383.929,100.435997,100.2099991,-0.225997925,0,1.864199366,451.8072289
3/31/2020,5/1/2020,AMZN,75050000000,44257000000,9325000000,65000000000,2.21E+11,1.56E+11,18857000000,499000000,21538.032,0.23108155,2.752460667,3055.87,96.6,0.9415,170156,3.8,33.45,2202.657,114.302002,115.7994995,1.497497559,1,2.078614257,442.8857715
6/30/2020,7/31/2020,AMZN,88509000000,52660000000,10388000000,73000000000,2.58E+11,1.85E+11,19599000000,501000000,19636.731,-0.09771677,2.122902,2931.69,74.1,1.0473,239587,13,33.35,2078.07,158.2339935,155.5944977,-2.63949585,0,2.090182919,514.9700599
9/30/2020,10/30/2020,AMZN,95717000000,57106000000,10976000000,83000000000,2.82E+11,1.99E+11,23735000000,502000000,21362.428,-0.36527181,2.238408667,3319.83,75.7,-0.0865,221081,8.8,0.02,2702.715,151.8074951,150.223999,-1.583496094,0,2.07904552,561.752988
12/31/2020,2/3/2021,AMZN,1.26E+11,79284000000,12049000000,93000000000,3.21E+11,2.28E+11,23795000000,503000000,21704.706,-0.24600518,1.785781667,3554.5,79.8,-0.1765,245243,6.8,0.21,2615.907,165.6264954,167.6074982,1.981002808,1,1.80952381,638.1709742
3/31/2021,4/30/2021,AMZN,1.08E+11,62403000000,12488000000,1.03E+11,3.23E+11,2.20E+11,23849000000,504000000,22313.85,-0.15111138,1.583668333,3865.71,80.2,-0.5785,261600,6.2,0,2937.989,173.3710022,169.3244934,-4.046508789,0,2.037037037,640.8730159
6/30/2021,7/30/2021,AMZN,1.13E+11,64176000000,13871000000,1.14E+11,3.60E+11,2.46E+11,24119000000,506000000,23046.934,0.04977656,2.491358,4183.63,85.6,-0.9187,268350,5.9,0.15,3209.367,166.3795013,166.5740051,0.194503784,1,2.17699115,711.4624506
9/30/2021,10/29/2021,AMZN,1.10E+11,62930000000,14380000000,1.2E+11,3.82E+11,2.62E+11,30933000000,507000000,23550.42,-0.14023619,2.432303667,4421.67,74.8,-0.7987,270392,5.1,0.18,3214.189,168.6215057,165.9055023,-2.716003418,0,2.381818182,753.4516765
12/31/2021,2/4/2022,AMZN,1.37E+11,82835000000,15313000000,1.39E+11,4.21E+11,2.82E+11,32640000000,509000000,24349.121,0.1145294,3.244694,4602.11,69.9,-0.6983,260115,4.2,0.11,3190.746,157.6394958,157.9355011,0.296005249,1,2.058394161,827.1119843
3/31/2022,4/29/2022,AMZN,1.16E+11,66499000000,14842000000,1.34E+11,4.11E+11,2.77E+11,34987000000,509000000,24740.48,0.36939264,4.284717333,4463.86,63.1,-0.4063,255821,3.8,0.13,3328.491,124.2815018,124.5,0.21849823,1,2.387931034,807.4656189
6/30/2022,7/29/2022,AMZN,1.21E+11,66424000000,18072000000,1.32E+11,4.20E+11,2.88E+11,38153000000,10183000000,25248.476,1.05946385,5.043240667,4105.67,57.9,-0.1295,199421,3.6,0.19,3521.785,134.9499969,135.3899994,0.440002441,1,2.380165289,41.24521261
9/30/2022,10/28/2022,AMZN,1.26E+11,70268000000,19485000000,1.37E+11,4.28E+11,2.91E+11,36647000000,10198000000,25723.941,1.04068297,6.003276333,3980.35,56.1,-0.2758,191141,3.6,0.07,3347.843,103.4100037,102.4400024,-0.970001221,0,2.30952381,41.96901353
12/31/2022,2/3/2023,AMZN,1.48E+11,85640000000,20814000000,1.46E+11,4.63E+11,3.17E+11,34405000000,10242000000,26137.992,1.76805674,6.484403333,3851.97,58.8,-0.1566,188009,3.6,0.88,3185.64,103.3899994,102.1800003,-1.209999084,0,2.141891892,45.20601445
6/30/2018,7/24/2018,GOOG,32657000000,13883000000,5114000000,1.6239E+11,2.12E+11,49610000000,698000000,695946000,20470.197,1.15872476,2.530544333,2703.13,98.3,-0.1825,136813,3.9,0.1,2258.834,62.40399933,63.41650009,1.012500763,1,1.519123006,304.6213356
9/30/2018,10/26/2018,GOOG,33740000000,14281000000,5232000000,1.70302E+11,2.22E+11,51698000000,1212000000,695957000,20687.278,1.18087408,2.471481667,2849.6,98.1,-0.6204,134561,3.8,0.11,2274.868,53.57350159,51.00400162,-2.569499969,0,1.532246592,318.9852247
12/31/2018,2/5/2019,GOOG,39276000000,17918000000,6034000000,1.77836E+11,2.33E+11,55164000000,1107000000,695556000,20819.269,1.28791727,2.452050667,2698.93,98.1,-0.1487,139445,3.8,0.23,2295.174,57.29949951,54.9355011,-2.363998413,0,1.404521845,334.9838115
3/31/2019,4/30/2019,GOOG,36339000000,16012000000,6029000000,1.83123E+11,2.45E+11,61877000000,1053000000,694782000,21013.085,0.87527495,2.387288333,2721,94.5,-0.3621,123508,3.9,0.73,2254.933,59.42399979,58.13050079,-1.293498993,0,1.702771127,352.6285943
6/30/2019,7/26/2019,GOOG,39045000000,17296000000,6213000000,1.92091E+11,2.57E+11,64909000000,964000000,694050000,21272.448,0.46067806,2.408969333,2882.33,98.5,-0.513,126995,3.6,0.47,2311.3,62.52050018,61.97050095,-0.549999237,0,1.662415162,370.2903249
9/30/2019,10/29/2019,GOOG,40503000000,17568000000,6554000000,1.94925E+11,2.63E+11,68075000000,1401000000,690906000,21531.839,0.36520973,2.565620333,2957.85,93.8,-0.2285,120227,3.6,0.35,2269.075,63.13100052,63.00550079,-0.125499725,0,1.680739698,380.6595977
12/31/2019,2/4/2020,GOOG,45569000000,21020000000,7222000000,2.01533E+11,2.76E+11,74467000000,999000000,688335000,21706.532,0.43873377,2.749306333,3082.76,97.2,-0.1624,155655,3.6,0.71,2383.929,72.35350037,73.81150055,1.458000183,1,1.634159187,400.9675521
3/31/2020,4/29/2020,GOOG,41159000000,18982000000,6820000000,2.03256E+11,2.73E+11,69744000000,889000000,683972000,21538.032,0.23108155,2.752460667,3055.87,96.6,0.9415,170156,3.8,33.45,2202.657,67.0739975,66.03050232,-1.043495178,0,1.69450181,399.139146
6/30/2020,7/31/2020,GOOG,38297000000,18553000000,6875000000,2.0683E+11,2.78E+11,71170000000,815000000,681215000,19636.731,-0.09771677,2.122902,2931.69,74.1,1.0473,239587,13,33.35,2078.07,74.14800262,73.72250366,-0.425498962,0,1.858370107,408.0943608
9/30/2020,10/30/2020,GOOG,46130000000,21117000000,6856000000,2.12677E+11,2.99E+11,86323000000,835000000,677724000,21362.428,-0.36527181,2.238408667,3319.83,75.7,-0.0865,221081,8.8,0.02,2702.715,81.05049896,81.30149841,0.250999451,1,1.871298504,441.1825463
12/31/2020,2/3/2021,GOOG,56118000000,26080000000,7022000000,2.22928E+11,3.20E+11,97072000000,728000000,675222000,21704.706,-0.24600518,1.785781667,3554.5,79.8,-0.1765,245243,6.8,0.21,2615.907,103.5035019,104.9000015,1.396499634,1,1.72978367,473.9182076
3/31/2021,4/28/2021,GOOG,55314000000,24103000000,7485000000,2.29918E+11,3.27E+11,97082000000,888000000,671094000,22313.85,-0.15111138,1.583668333,3865.71,80.2,-0.5785,261600,6.2,0,2937.989,118.9954987,120.5059967,1.510498047,1,1.755107206,487.2640792
6/30/2021,7/28/2021,GOOG,61880000000,26227000000,7675000000,2.37178E+11,3.35E+11,97822000000,907000000,667637000,23046.934,0.04977656,2.491358,4183.63,85.6,-0.9187,268350,5.9,0.15,3209.367,136.3815002,135.220993,-1.160507202,0,1.580833872,501.7696742
9/30/2021,10/27/2021,GOOG,64928000000,27621000000,7694000000,2.44E+11,3.47E+11,1.03E+11,1278000000,664682000,23550.42,-0.14023619,2.432303667,4421.67,74.8,-0.7987,270392,5.1,0.18,3214.189,146.4275055,148.2704926,1.842987061,1,1.586372597,522.0541552
12/31/2021,2/2/2022,GOOG,75140000000,32988000000,8708000000,2.51E+11,3.59E+11,1.08E+11,1170000000,662121000,24349.121,0.1145294,3.244694,4602.11,69.9,-0.6983,260115,4.2,0.11,3190.746,148.036499,143.0160065,-5.020492554,0,1.437317008,542.19697
3/31/2022,4/27/2022,GOOG,68059000000,29599000000,9119000000,2.54E+11,3.57E+11,1.03E+11,1369000000,658763000,24740.48,0.36939264,4.284717333,4463.86,63.1,-0.4063,255821,3.8,0.13,3328.491,115.0205002,114.9664993,-0.054000854,0,1.513392792,541.9247893
6/30/2022,7/27/2022,GOOG,69743000000,30104000000,9841000000,2.55234E+11,3.55E+11,99766000000,1980000000,13078000000,25248.476,1.05946385,5.043240667,4105.67,57.9,-0.1295,199421,3.6,0.19,3521.785,113.5999985,116.6399994,3.040000916,1,1.430480478,27.14482337
9/30/2022,10/26/2022,GOOG,69420000000,31158000000,10273000000,2.53E+11,3.58E+11,1.05E+11,3156000000,12971000000,25723.941,1.04068297,6.003276333,3980.35,56.1,-0.2758,191141,3.6,0.07,3347.843,94.81999969,96.58000183,1.760002136,1,1.512532411,27.60003084
12/31/2022,2/3/2023,GOOG,74291000000,35342000000,10267000000,2.56E+11,3.65E+11,1.09E+11,2670000000,12849000000,26137.992,1.76805674,6.484403333,3851.97,58.8,-0.1566,188009,3.6,0.88,3185.64,105.2200012,103.4700012,-1.75,0,1.467203295,28.40687991
3/31/2018,5/2/2018,AAPL,61137000000,37715000000,3378000000,1.27E+11,3.68E+11,2.41E+11,7662000000,4943000000,20155.486,0.99726438,2.222466,2733.48,98.9,-0.3239,156478,4,0.13,2202.037,42.08198929,43.81225586,1.730266571,1,3.941966403,74.44871536
6/30/2018,8/1/2018,AAPL,53265000000,32844000000,3701000000,1.15E+11,3.49E+11,2.34E+11,5936000000,4843000000,20470.197,1.15872476,2.530544333,2703.13,98.3,-0.1825,136813,3.9,0.1,2258.834,48.20874023,49.76146317,1.552722931,1,4.393128696,72.06277101
12/31/2022,2/3/2023,AAPL,1.16E+11,66822000000,7709000000,57000000000,3.47E+11,2.90E+11,6820000000,15842000000,26137.992,1.76805674,6.484403333,3851.97,58.8,-0.1566,188009,3.6,0.88,3185.64,154.2644653,151.4986877,-2.765777588,0,2.5,21.90380003
9/30/2020,10/27/2020,VZ,31543000000,12334000000,,53000000000,2.97E+11,2.44E+11,1457000000,4140000000,21362.428,-0.36527181,2.238408667,3319.83,75.7,-0.0865,221081,8.8,0.02,2702.715,50.40355301,49.8589325,-0.544620514,0,7.735472213,71.73913043
12/31/2020,2/25/2021,VZ,34692000000,14822000000,,34000000000,3.16E+11,2.82E+11,1796000000,4143000000,21704.706,-0.24600518,1.785781667,3554.5,79.8,-0.1765,245243,6.8,0.21,2615.907,50.16186142,49.14974594,-1.012115479,0,8.128675199,76.27323196
3/31/2021,4/27/2021,VZ,32867000000,13522000000,,60000000000,3.46E+11,2.86E+11,1303000000,4141000000,22313.85,-0.15111138,1.583668333,3865.71,80.2,-0.5785,261600,6.2,0,2937.989,50.54000092,51.43737793,0.897377014,1,8.701737305,83.55469693
6/30/2021,7/28/2021,VZ,33764000000,14255000000,,35000000000,3.49E+11,3.14E+11,1421000000,4141000000,23046.934,0.04977656,2.491358,4183.63,85.6,-0.9187,268350,5.9,0.15,3209.367,50.56330109,50.61774445,0.054443359,1,9.29984599,84.27915962
9/30/2021,10/26/2021,VZ,32915000000,13528000000,,40000000000,3.53E+11,3.13E+11,2303000000,4142000000,23550.42,-0.14023619,2.432303667,4421.67,74.8,-0.7987,270392,5.1,0.18,3214.189,48.73965836,48.48255539,-0.257102966,0,9.509342245,85.22452921
12/31/2021,2/11/2022,VZ,34067000000,14996000000,,42000000000,3.67E+11,3.25E+11,3055000000,4169000000,24349.121,0.1145294,3.244694,4602.11,69.9,-0.6983,260115,4.2,0.11,3190.746,49.54991531,49.5034523,-0.046463013,0,9.54002407,88.03070281
3/31/2022,4/27/2022,VZ,33554000000,14350000000,,70000000000,3.66E+11,2.96E+11,3659000000,4201000000,24740.48,0.36939264,4.284717333,4463.86,63.1,-0.4063,255821,3.8,0.13,3328.491,45.58190155,43.55018616,-2.031715393,0,8.821601001,87.12211378
6/30/2022,7/28/2022,VZ,33789000000,14420000000,,71000000000,3.70E+11,2.99E+11,3646000000,4201000000,25248.476,1.05946385,5.043240667,4105.67,57.9,-0.1295,199421,3.6,0.19,3521.785,43.38376236,44.05999374,0.676231384,1,8.849033709,88.07426803
9/30/2022,10/25/2022,VZ,34241000000,14601000000,,72000000000,3.75E+11,3.03E+11,3133000000,4202000000,25723.941,1.04068297,6.003276333,3980.35,56.1,-0.2758,191141,3.6,0.07,3347.843,35.28224182,35.04011917,-0.24212265,0,8.849040624,89.24321752
12/31/2022,2/10/2023,VZ,35251000000,15762000000,,52000000000,3.80E+11,3.28E+11,2388000000,4205000000,26137.992,1.76805674,6.484403333,3851.97,58.8,-0.1566,188009,3.6,0.88,3185.64,39.35862732,39.66358185,0.304954529,1,9.304700576,90.3686088
6/30/2019,8/5/2019,T,44957000000,20512000000,,2.02E+11,5.47E+11,3.45E+11,,7323000000,21272.448,0.46067806,2.408969333,2882.33,98.5,-0.513,126995,3.6,0.47,2311.3,18.70600319,19.02438354,0.318380356,1,7.6739996,74.69616277
9/30/2019,11/5/2019,T,44588000000,20154000000,,2.43E+11,5.49E+11,3.06E+11,,7327000000,21531.839,0.36520973,2.565620333,2957.85,93.8,-0.2285,120227,3.6,0.35,2269.075,22.27999496,22.42219543,0.14220047,1,6.862833049,74.92834721
12/31/2019,2/20/2020,T,46821000000,22736000000,,1.84E+11,5.52E+11,3.68E+11,2864000000,7313000000,21706.532,0.43873377,2.749306333,3082.76,97.2,-0.1624,155655,3.6,0.71,2383.929,22.35234833,22.02815056,-0.324197769,0,7.859721065,75.48201832
3/31/2020,5/6/2020,T,42779000000,19281000000,,1.86E+11,5.45E+11,3.59E+11,,7187000000,21538.032,0.23108155,2.752460667,3055.87,96.6,0.9415,170156,3.8,33.45,2202.657,17.05771446,17.65019989,0.592485428,1,8.391968022,75.83136218
6/30/2020,8/5/2020,T,40950000000,17983000000,,1.84E+11,5.48E+11,3.64E+11,,7145000000,19636.731,-0.09771677,2.122902,2931.69,74.1,1.0473,239587,13,33.35,2078.07,18.09473801,18.19779587,0.103057861,1,8.888888889,76.6969909
9/30/2020,11/5/2020,T,42340000000,19839000000,,1.86E+11,5.39E+11,3.53E+11,13948000000,7147000000,21362.428,-0.36527181,2.238408667,3319.83,75.7,-0.0865,221081,8.8,0.02,2702.715,17.08468056,17.57529449,0.490613937,1,8.337269721,75.41625857
12/31/2020,2/25/2021,T,16981000000,22910000000,,1.56E+11,5.26E+11,3.70E+11,3592000000,7148000000,21704.706,-0.24600518,1.785781667,3554.5,79.8,-0.1765,245243,6.8,0.21,2615.907,18.19915199,17.85589027,-0.343261719,0,21.78905836,73.58701735
3/31/2021,5/6/2021,T,35877000000,21087000000,,1.75E+11,5.47E+11,3.72E+11,3347000000,7161000000,22313.85,-0.15111138,1.583668333,3865.71,80.2,-0.5785,261600,6.2,0,2937.989,21.07099915,21.21403122,0.143032074,1,10.36875993,76.38597961
6/30/2021,8/5/2021,T,35740000000,21099000000,,1.5E+11,5.45E+11,3.95E+11,2810000000,7168000000,23046.934,0.04977656,2.491358,4183.63,85.6,-0.9187,268350,5.9,0.15,3209.367,18.60770607,18.54776764,-0.059938431,0,11.05204253,76.03236607
9/30/2021,11/4/2021,T,31326000000,17826000000,,1.51E+11,5.47E+11,3.96E+11,3088000000,7171000000,23550.42,-0.14023619,2.432303667,4421.67,74.8,-0.7987,270392,5.1,0.18,3214.189,16.94364929,16.99830437,0.054655075,1,12.64125646,76.27945893
12/31/2021,2/16/2022,T,31095000000,19795000000,,1.4E+11,5.52E+11,4.12E+11,3464000000,7171000000,24349.121,0.1145294,3.244694,4602.11,69.9,-0.6983,260115,4.2,0.11,3190.746,16.79905319,16.74993324,-0.049119949,0,13.2497186,76.97671176
3/31/2022,5/3/2022,T,29712000000,17557000000,,1.57E+11,5.77E+11,4.20E+11,3153000000,7184000000,24740.48,0.36939264,4.284717333,4463.86,63.1,-0.4063,255821,3.8,0.13,3328.491,18.21785545,18.80218506,0.584329605,1,14.13570275,80.31737194
6/30/2022,8/4/2022,T,29643000000,12341000000,,1.09E+11,4.26E+11,3.17E+11,3241000000,7169000000,25248.476,1.05946385,5.043240667,4105.67,57.9,-0.1295,199421,3.6,0.19,3521.785,17.44818497,17.19033051,-0.257854462,0,10.69392437,59.4225136
9/30/2022,11/3/2022,T,30043000000,12201000000,,1.14E+11,4.26E+11,3.12E+11,3935000000,7153000000,25723.941,1.04068297,6.003276333,3980.35,56.1,-0.2758,191141,3.6,0.07,3347.843,17.66088867,17.8455658,0.184677124,1,10.38511467,59.55543129
12/31/2022,2/13/2023,T,31343000000,13571000000,,65000000000,4.03E+11,3.38E+11,3123000000,7157000000,26137.992,1.76805674,6.484403333,3851.97,58.8,-0.1566,188009,3.6,0.88,3185.64,18.99067116,18.98081017,-0.009860992,0,10.78390709,56.30850915
4/30/2018,6/5/2018,HPQ,14003000000,11935000000,356000000,-1863000000,32087000000,33950000000,5557000000,1611000000,20470.197,1.15872476,2.530544333,2703.13,98.3,-0.1825,136813,3.9,0.1,2258.834,20.05033302,20.16163635,0.111303329,1,2.424480468,19.91744258
7/31/2018,8/28/2018,HPQ,14586000000,11301000000,347000000,-1767000000,34254000000,36021000000,6091000000,1582000000,20687.278,1.18087408,2.471481667,2849.6,98.1,-0.6204,134561,3.8,0.11,2274.868,21.08847237,21.2951355,0.206663132,1,2.469559852,21.65233881
10/31/2018,12/13/2018,HPQ,15366000000,11898000000,354000000,-639000000,34622000000,35261000000,6091000000,1560000000,20819.269,1.28791727,2.452050667,2698.93,98.1,-0.1487,139445,3.8,0.23,2295.174,19.44082642,18.68202972,-0.758796692,0,2.294741637,22.19358974
1/31/2019,3/5/2019,HPQ,14710000000,12669000000,344000000,-1837000000,32490000000,34327000000,5649000000,1539000000,21013.085,0.87527495,2.387288333,2721,94.5,-0.3621,123508,3.9,0.73,2254.933,16.88535118,16.4143734,-0.470977783,0,2.333582597,21.11111111
4/30/2019,5/30/2019,HPQ,14036000000,12098000000,353000000,-1487000000,31946000000,33433000000,5394000000,1506000000,21272.448,0.46067806,2.408969333,2882.33,98.5,-0.513,126995,3.6,0.47,2311.3,16.83493805,16.41275024,-0.422187805,0,2.381946423,21.2124834
7/31/2019,8/29/2019,HPQ,14603000000,11307000000,413000000,-1131000000,32405000000,33536000000,5716000000,1482000000,21531.839,0.36520973,2.565620333,2957.85,93.8,-0.2285,120227,3.6,0.35,2269.075,16.0404892,16.09369278,0.053203583,1,2.296514415,21.865722
10/31/2019,12/12/2019,HPQ,15407000000,11698000000,389000000,-1193000000,33467000000,34660000000,5734000000,1458000000,21706.532,0.43873377,2.749306333,3082.76,97.2,-0.1624,155655,3.6,0.71,2383.929,18.4275856,18.50876808,0.08118248,1,2.249626793,22.95404664
1/31/2020,3/5/2020,HPQ,14618000000,12483000000,400000000,-1634000000,31656000000,33290000000,4946000000,1433000000,21538.032,0.23108155,2.752460667,3055.87,96.6,0.9415,170156,3.8,33.45,2202.657,19.42879295,17.10166168,-2.327131271,0,2.27732932,22.09071877
4/30/2020,6/5/2020,HPQ,12469000000,11746000000,338000000,-743000000,33773000000,34516000000,6354000000,1430000000,19636.731,-0.09771677,2.122902,2931.69,74.1,1.0473,239587,13,33.35,2078.07,15.85072613,16.54265594,0.691929817,1,2.768145,23.61748252
7/31/2020,9/4/2020,HPQ,14294000000,9976000000,359000000,-1986000000,34244000000,36230000000,5896000000,1373000000,21362.428,-0.36527181,2.238408667,3319.83,75.7,-0.0865,221081,8.8,0.02,2702.715,17.67896271,18.04638672,0.367424011,1,2.534629915,24.9410051
10/31/2020,12/10/2020,HPQ,15258000000,11901000000,381000000,-2228000000,34681000000,36909000000,5963000000,1304000000,21704.706,-0.24600518,1.785781667,3554.5,79.8,-0.1765,245243,6.8,0.21,2615.907,21.67550659,21.71292877,0.03742218,1,2.418993315,26.5958589
1/31/2021,3/5/2021,HPQ,15646000000,12579000000,471000000,-3235000000,34737000000,37972000000,6668000000,1253000000,22313.85,-0.15111138,1.583668333,3865.71,80.2,-0.5785,261600,6.2,0,2937.989,27.83109474,28.21464729,0.383552551,1,2.426946184,27.72306464
4/30/2021,6/4/2021,HPQ,15877000000,12322000000,514000000,-3360000000,34549000000,37909000000,7502000000,1201000000,23046.934,0.04977656,2.491358,4183.63,85.6,-0.9187,268350,5.9,0.15,3209.367,28.83983803,28.76451683,-0.075321198,0,2.387667695,28.76686095
7/31/2021,9/3/2021,HPQ,15289000000,12437000000,477000000,-3942000000,35523000000,39465000000,8165000000,1153000000,23550.42,-0.14023619,2.432303667,4421.67,74.8,-0.7987,270392,5.1,0.18,3214.189,28.29452133,27.32548714,-0.969034195,0,2.581267578,30.80919341
10/31/2021,12/9/2021,HPQ,16675000000,11901000000,445000000,-1650000000,38610000000,40260000000,7930000000,1092000000,24349.121,0.1145294,3.244694,4602.11,69.9,-0.6983,260115,4.2,0.11,3190.746,34.71375656,33.87831879,-0.835437775,0,2.414392804,35.35714286
1/31/2022,3/7/2022,HPQ,17028000000,13410000000,418000000,-2328000000,38912000000,41240000000,9018000000,1060000000,24740.48,0.36939264,4.284717333,4463.86,63.1,-0.4063,255821,3.8,0.13,3328.491,34.24322128,34.86213303,0.618911743,1,2.421893352,36.70943396
4/30/2022,6/3/2022,HPQ,16490000000,13643000000,425000000,-1898000000,39901000000,41799000000,8944000000,1033000000,25248.476,1.05946385,5.043240667,4105.67,57.9,-0.1295,199421,3.6,0.19,3521.785,38.49824142,38.21779251,-0.280448914,0,2.534808975,38.62633107
7/31/2022,9/2/2022,HPQ,14664000000,13157000000,368000000,-2318000000,39247000000,41565000000,8192000000,1006000000,25723.941,1.04068297,6.003276333,3980.35,56.1,-0.2758,191141,3.6,0.07,3347.843,26.89940834,26.59771729,-0.301691055,0,2.834492635,39.01292247
10/31/2022,12/6/2022,HPQ,14801000000,11764000000,382000000,-2918000000,38587000000,41505000000,7595000000,980000000,26137.992,1.76805674,6.484403333,3851.97,58.8,-0.1566,188009,3.6,0.88,3185.64,27.7951889,27.96209908,0.166910172,1,2.804202419,39.3744898
1/31/2023,3/1/2023,HPQ,13828000000,12084000000,403000000,-3730000000,36148000000,39878000000,7344000000,985000000,26629.7225,1.7543125,6.53331693,3610.215,55.3,-0.09135,155669,3.5,0.85,3358.188149,28.59433174,28.346632,-0.247699738,0,2.883858837,36.69847716
3/31/2018,4/27/2018,CHTR,10657000000,6836000000,,39000000000,1.46E+11,1.07E+11,,237762000,20155.486,0.99726438,2.222466,2733.48,98.9,-0.3239,156478,4,0.13,2202.037,263.3299866,271.2900085,7.960021973,1,10.04034907,614.0594376
6/30/2018,7/31/2018,CHTR,10854000000,6873000000,,37000000000,1.46E+11,1.09E+11,,234242000,20470.197,1.15872476,2.530544333,2703.13,98.3,-0.1825,136813,3.9,0.1,2258.834,304.5799866,294.2000122,-10.37997437,0,10.04238069,623.2870279
9/30/2018,10/26/2018,CHTR,10892000000,7012000000,,37000000000,1.46E+11,1.09E+11,,230555000,20687.278,1.18087408,2.471481667,2849.6,98.1,-0.6204,134561,3.8,0.11,2274.868,295.0100098,300.8500061,5.839996338,1,10.00734484,633.254538
12/31/2018,1/31/2019,CHTR,11231000000,7139000000,,36000000000,1.46E+11,1.10E+11,,227006000,20819.269,1.28791727,2.452050667,2698.93,98.1,-0.1487,139445,3.8,0.23,2295.174,331.0499878,337,5.950012207,1,9.794319295,643.1548065
3/31/2019,4/30/2019,CHTR,11206000000,7236000000,,35000000000,1.47E+11,1.12E+11,,224630000,21013.085,0.87527495,2.387288333,2721,94.5,-0.3621,123508,3.9,0.73,2254.933,371.1900024,370.4100037,-0.779998779,0,9.994645726,654.4094734
6/30/2019,7/26/2019,CHTR,11347000000,7244000000,,35000000000,1.46E+11,1.11E+11,,222392000,21272.448,0.46067806,2.408969333,2882.33,98.5,-0.513,126995,3.6,0.47,2311.3,398.7900085,393.6499939,-5.140014648,0,9.782321318,656.4984352
9/30/2019,10/25/2019,CHTR,11450000000,7435000000,,33000000000,1.45E+11,1.12E+11,,218499000,21531.839,0.36520973,2.565620333,2957.85,93.8,-0.2285,120227,3.6,0.35,2269.075,462.1900024,467.0899963,4.899993896,1,9.781659389,663.6185978
12/31/2019,1/31/2020,CHTR,11761000000,7309000000,,31000000000,1.48E+11,1.17E+11,,212648000,21706.532,0.43873377,2.749306333,3082.76,97.2,-0.1624,155655,3.6,0.71,2383.929,517.460022,532.0499878,14.58996582,1,9.948133662,695.9858546
3/31/2020,5/1/2020,CHTR,11738000000,7432000000,,30000000000,1.47E+11,1.17E+11,,207831000,21538.032,0.23108155,2.752460667,3055.87,96.6,0.9415,170156,3.8,33.45,2202.657,509.6400146,515.7299805,6.08996582,1,9.967626512,707.3054549
6/30/2020,7/31/2020,CHTR,11696000000,7297000000,,29000000000,1.45E+11,1.16E+11,,205777000,19636.731,-0.09771677,2.122902,2931.69,74.1,1.0473,239587,13,33.35,2078.07,580,589.7000122,9.700012207,1,9.917920657,704.6462919
9/30/2020,10/30/2020,CHTR,12039000000,7483000000,,27000000000,1.44E+11,1.17E+11,,202827000,21362.428,-0.36527181,2.238408667,3319.83,75.7,-0.0865,221081,8.8,0.02,2702.715,603.8200073,588.4299927,-15.39001465,0,9.718415151,709.9646497
12/31/2020,1/29/2021,CHTR,12624000000,7718000000,,24000000000,1.44E+11,1.20E+11,,196907000,21704.706,-0.24600518,1.785781667,3554.5,79.8,-0.1765,245243,6.8,0.21,2615.907,607.5599976,599.0200195,-8.539978027,0,9.505703422,731.3097046
3/31/2021,4/30/2021,CHTR,12522000000,7711000000,,21000000000,1.43E+11,1.22E+11,,191405000,22313.85,-0.15111138,1.583668333,3865.71,80.2,-0.5785,261600,6.2,0,2937.989,673.4500122,677.3099976,3.859985352,1,9.742852579,747.1069199
6/30/2021,7/30/2021,CHTR,12802000000,7882000000,,19000000000,1.44E+11,1.25E+11,,185917000,23046.934,0.04977656,2.491358,4183.63,85.6,-0.9187,268350,5.9,0.15,3209.367,744.0499878,749.8699951,5.820007324,1,9.764099359,774.5391761
9/30/2021,10/29/2021,CHTR,13146000000,7958000000,,17000000000,1.42E+11,1.25E+11,,181925000,23550.42,-0.14023619,2.432303667,4421.67,74.8,-0.7987,270392,5.1,0.18,3214.189,674.8900146,671.3699951,-3.520019531,0,9.508595771,780.5414319
12/31/2021,1/28/2022,CHTR,13212000000,7931000000,,14000000000,1.42E+11,1.28E+11,,175535000,24349.121,0.1145294,3.244694,4602.11,69.9,-0.6983,260115,4.2,0.11,3190.746,590.4699707,593.3400269,2.870056152,1,9.688162277,808.955479
3/31/2022,4/29/2022,CHTR,13200000000,7308000000,,12000000000,1.44E+11,1.32E+11,,170688000,24740.48,0.36939264,4.284717333,4463.86,63.1,-0.4063,255821,3.8,0.13,3328.491,428.4899902,432.5400085,4.050018311,1,10,843.6445444
6/30/2022,7/29/2022,CHTR,13598000000,7387000000,,10000000000,1.43E+11,1.33E+11,,164050000,25248.476,1.05946385,5.043240667,4105.67,57.9,-0.1295,199421,3.6,0.19,3521.785,432.1000061,426.5599976,-5.540008545,0,9.780850125,871.6854617
9/30/2022,10/28/2022,CHTR,13550000000,7386000000,,9000000000,1.44E+11,1.35E+11,,157971000,25723.941,1.04068297,6.003276333,3980.35,56.1,-0.2758,191141,3.6,0.07,3347.843,368.2399902,367.6199951,-0.619995117,0,9.963099631,911.5597167
12/31/2022,1/27/2023,CHTR,13674000000,7456000000,,10000000000,1.45E+11,1.35E+11,,153436000,26137.992,1.76805674,6.484403333,3851.97,58.8,-0.1566,188009,3.6,0.88,3185.64,394.4100037,390.9400024,-3.470001221,0,9.872751207,945.0194218
9/30/2018,11/7/2018,QCOM,5778000000,2850000000,1388000000,807000000,32718000000,31911000000,1693000000,1219000000,20687.278,1.18087408,2.471481667,2849.6,98.1,-0.6204,134561,3.8,0.11,2274.868,56.16943359,50.40231705,-5.767116547,0,5.522845275,26.84003281
3/31/2019,5/1/2019,QCOM,4982000000,2179000000,1308000000,3866000000,34023000000,30157000000,1725000000,1214000000,21013.085,0.87527495,2.387288333,2721,94.5,-0.3621,123508,3.9,0.73,2254.933,78.48514557,81.13856506,2.653419495,1,6.053191489,28.02553542
6/30/2019,7/31/2019,QCOM,9635000000,2114000000,1380000000,5463000000,34133000000,28670000000,1774000000,1218000000,21272.448,0.46067806,2.408969333,2882.33,98.5,-0.513,126995,3.6,0.47,2311.3,67.08876801,65.24556732,-1.843200684,0,2.975609756,28.02380952
5/5/2018,6/8/2018,BBY,9109000000,6984000000,,3420000000,12082000000,8662000000,4964000000,281000000,20470.197,1.15872476,2.530544333,2703.13,98.3,-0.1825,136813,3.9,0.1,2258.834,61.90410233,63.04269791,1.138595581,1,0.950927654,42.99644128
8/4/2018,9/10/2018,BBY,9379000000,7150000000,,3186000000,11993000000,8807000000,5016000000,276000000,20687.278,1.18087408,2.471481667,2849.6,98.1,-0.6204,134561,3.8,0.11,2274.868,66.5892334,67.39888,0.809646606,1,0.939012688,43.45289855
11/3/2018,12/7/2018,BBY,9590000000,7266000000,,3012000000,15000000000,11988000000,8168000000,272000000,20819.269,1.28791727,2.452050667,2698.93,98.1,-0.1487,139445,3.8,0.23,2295.174,52.48049164,51.19749832,-1.282993317,0,1.250052138,55.14705882
2/2/2019,3/28/2019,BBY,14801000000,11518000000,,3306000000,12901000000,9595000000,5409000000,265703000,21013.085,0.87527495,2.387288333,2721,94.5,-0.3621,123508,3.9,0.73,2254.933,62.49983215,63.37007141,0.870239258,1,0.648267009,48.55421279
5/4/2019,6/7/2019,BBY,9142000000,6973000000,,3354000000,14550000000,11196000000,5195000000,267000000,21272.448,0.46067806,2.408969333,2882.33,98.5,-0.513,126995,3.6,0.47,2311.3,56.01250458,57.30469131,1.292186737,1,1.224677313,54.49438202
8/3/2019,9/6/2019,BBY,9536000000,7253000000,,3285000000,14978000000,11693000000,5208000000,265000000,21531.839,0.36520973,2.565620333,2957.85,93.8,-0.2285,120227,3.6,0.35,2269.075,58.77288055,61.31514359,2.542263031,1,1.22619547,56.52075472
11/2/2019,12/6/2019,BBY,9764000000,7403000000,,3125000000,16926000000,13801000000,7569000000,260000000,21706.532,0.43873377,2.749306333,3082.76,97.2,-0.1624,155655,3.6,0.71,2383.929,73.21501923,73.67900848,0.463989258,1,1.413457599,65.1
2/1/2020,3/23/2020,BBY,15196000000,11961000000,,3479000000,15591000000,12112000000,5174000000,256494000,21538.032,0.23108155,2.752460667,3055.87,96.6,0.9415,170156,3.8,33.45,2202.657,45.9187851,54.85977554,8.940990448,1,0.797051856,60.7850476
5/2/2020,5/27/2020,BBY,8562000000,6597000000,,3410000000,15605000000,12195000000,3993000000,257000000,19636.731,-0.09771677,2.122902,2931.69,74.1,1.0473,239587,13,33.35,2078.07,71.63658905,70.73976898,-0.896820068,0,1.424316748,60.71984436
8/1/2020,8/31/2020,BBY,9910000000,7640000000,,3778000000,17412000000,13634000000,4136000000,258000000,21362.428,-0.36527181,2.238408667,3319.83,75.7,-0.0865,221081,8.8,0.02,2702.715,101.1521912,103.9885712,2.836380005,1,1.375782038,67.48837209
10/31/2020,11/30/2020,BBY,11853000000,9058000000,,4086000000,21202000000,17116000000,7459000000,258000000,21704.706,-0.24600518,1.785781667,3554.5,79.8,-0.1765,245243,6.8,0.21,2615.907,99.73997498,98.52072906,-1.219245911,0,1.44402261,82.17829457
1/30/2021,3/19/2021,BBY,16937000000,13394000000,,4587000000,19067000000,14480000000,5612000000,257000000,22313.85,-0.15111138,1.583668333,3865.71,80.2,-0.5785,261600,6.2,0,2937.989,109.6200256,112.1891632,2.569137573,1,0.854932987,74.19066148
5/1/2021,6/4/2021,BBY,11637000000,8922000000,,4158000000,17705000000,13547000000,5721000000,250400000,23046.934,0.04977656,2.491358,4183.63,85.6,-0.9187,268350,5.9,0.15,3209.367,107.5795517,108.6090622,1.029510498,1,1.164131649,70.70686901
7/31/2021,8/31/2021,BBY,11849000000,9039000000,,4335000000,18579000000,14244000000,6417000000,247300000,23550.42,-0.14023619,2.432303667,4421.67,74.8,-0.7987,270392,5.1,0.18,3214.189,108.7338791,108.5005722,-0.233306885,0,1.202126762,75.12737566
10/30/2021,12/3/2021,BBY,11910000000,9108000000,,4278000000,20102000000,15824000000,8553000000,243800000,24349.121,0.1145294,3.244694,4602.11,69.9,-0.6983,260115,4.2,0.11,3190.746,99.42907715,98.29269409,-1.136383057,0,1.328631402,82.45283019
1/29/2022,3/18/2022,BBY,16365000000,13052000000,,3020000000,17504000000,14484000000,5965000000,227400000,24740.48,0.36939264,4.284717333,4463.86,63.1,-0.4063,255821,3.8,0.13,3328.491,96.29351044,93.64598846,-2.647521973,0,0.885059578,76.97449428
4/30/2022,6/2/2022,BBY,10647000000,8294000000,,2767000000,15251000000,12484000000,6258000000,224600000,25248.476,1.05946385,5.043240667,4105.67,57.9,-0.1295,199421,3.6,0.19,3521.785,77.52133942,75.62289429,-1.898445129,0,1.172536865,67.90293856
7/30/2022,9/8/2022,BBY,10329000000,8042000000,,2892000000,15419000000,12527000000,6043000000,225100000,25723.941,1.04068297,6.003276333,3980.35,56.1,-0.2758,191141,3.6,0.07,3347.843,72.13755035,75.15052795,3.0129776,1,1.212798916,68.49844514
10/29/2022,12/6/2022,BBY,10587000000,8255000000,,2993000000,17021000000,14028000000,7294000000,225200000,26137.992,1.76805674,6.484403333,3851.97,58.8,-0.1566,188009,3.6,0.88,3185.64,81.4095993,81.52690887,0.11730957,1,1.325021252,75.58170515
1/28/2023,3/17/2023,BBY,14735000000,11795000000,,2795000000,15803000000,13008000000,5140000000,218100000,26629.7225,1.7543125,6.53331693,3610.215,55.3,-0.09135,155669,3.5,0.85,3358.188149,75.8223114,77.20574188,1.383430481,1,0.882796064,72.45758826
3/31/2018,5/2/2018,FISV,1440000000,759000000,,2971000000,10167000000,7196000000,,413100000,20155.486,0.99726438,2.222466,2733.48,98.9,-0.3239,156478,4,0.13,2202.037,69.02999878,69.72000122,0.690002441,1,4.997222222,24.61147422
6/30/2018,8/1/2018,FISV,1420000000,739000000,,2850000000,10218000000,7368000000,,408400000,20470.197,1.15872476,2.530544333,2703.13,98.3,-0.1825,136813,3.9,0.1,2258.834,74.73999786,76.25,1.510002136,1,5.188732394,25.01958864
9/30/2018,11/1/2018,FISV,1412000000,749000000,,2661000000,10748000000,8087000000,,403800000,20687.278,1.18087408,2.471481667,2849.6,98.1,-0.6204,134561,3.8,0.11,2274.868,74.91000366,76.70999908,1.799995422,1,5.72733711,26.6171372
12/31/2018,2/21/2019,FISV,1551000000,822000000,,2293000000,11262000000,8969000000,,396800000,20819.269,1.28791727,2.452050667,2698.93,98.1,-0.1487,139445,3.8,0.23,2295.174,84.75,84.23999786,-0.510002136,0,5.782720825,28.38205645
3/31/2019,5/1/2019,FISV,1502000000,798000000,,2394000000,11676000000,9282000000,,391700000,21013.085,0.87527495,2.387288333,2721,94.5,-0.3621,123508,3.9,0.73,2254.933,85.93000031,86.73999786,0.809997559,1,6.17976032,29.80852693
6/30/2019,7/26/2019,FISV,1448000000,785000000,,2546000000,19640000000,17094000000,,392500000,21272.448,0.46067806,2.408969333,2882.33,98.5,-0.513,126995,3.6,0.47,2311.3,102.3000031,104.6399994,2.339996338,1,11.80524862,50.03821656
9/30/2019,11/7/2019,FISV,2978000000,1617000000,,33852000000,77864000000,44012000000,,584800000,21531.839,0.36520973,2.565620333,2957.85,93.8,-0.2285,120227,3.6,0.35,2269.075,109.6500015,110.25,0.599998474,1,14.77904634,133.1463748
12/31/2019,2/27/2020,FISV,4050000000,2109000000,,34857000000,77539000000,42682000000,,680300000,21706.532,0.43873377,2.749306333,3082.76,97.2,-0.1624,155655,3.6,0.71,2383.929,108.5400009,114.2300034,5.690002441,1,10.53876543,113.9776569
3/31/2020,5/8/2020,FISV,4037000000,2167000000,,33546000000,72598000000,39052000000,,678100000,21538.032,0.23108155,2.752460667,3055.87,96.6,0.9415,170156,3.8,33.45,2202.657,104.7799988,101.7300034,-3.049995422,0,9.673519941,107.0609055
6/30/2020,8/6/2020,FISV,3312000000,1920000000,,33286000000,77093000000,43807000000,,670000000,19636.731,-0.09771677,2.122902,2931.69,74.1,1.0473,239587,13,33.35,2078.07,102.3799973,99.33999634,-3.040000916,0,13.22675121,115.0641791
9/30/2020,10/28/2020,FISV,3669000000,1868000000,,32689000000,72372000000,39683000000,,669800000,21362.428,-0.36527181,2.238408667,3319.83,75.7,-0.0865,221081,8.8,0.02,2702.715,93.51999664,95.47000122,1.950004578,1,10.81575361,108.0501642
12/31/2020,2/26/2021,FISV,3834000000,1857000000,,33329000000,74619000000,41290000000,348000000,670600000,21704.706,-0.24600518,1.785781667,3554.5,79.8,-0.1765,245243,6.8,0.21,2615.907,115.3700027,116.6800003,1.309997559,1,10.7694314,111.2719952
3/31/2021,4/28/2021,FISV,3650000000,1907000000,,32845000000,74840000000,41995000000,,668600000,22313.85,-0.15111138,1.583668333,3865.71,80.2,-0.5785,261600,6.2,0,2937.989,123.4199982,120.1200027,-3.299995422,0,11.50547945,111.9353874
6/30/2021,7/28/2021,FISV,3876000000,1967000000,,32793000000,75776000000,42983000000,,663700000,23046.934,0.04977656,2.491358,4183.63,85.6,-0.9187,268350,5.9,0.15,3209.367,113.9100037,115.1100006,1.199996948,1,11.08952528,114.1720657
9/30/2021,10/28/2021,FISV,3991000000,2051000000,,32584000000,75767000000,43183000000,,661400000,23550.42,-0.14023619,2.432303667,4421.67,74.8,-0.7987,270392,5.1,0.18,3214.189,98.52999878,101.9899979,3.459999084,1,10.82009521,114.5554884
12/31/2021,2/24/2022,FISV,4780000000,2203000000,,31950000000,76249000000,44299000000,410000000,656600000,24349.121,0.1145294,3.244694,4602.11,69.9,-0.6983,260115,4.2,0.11,3190.746,95.55999756,97.66999817,2.11000061,1,9.267573222,116.127018
3/31/2022,4/28/2022,FISV,3970000000,1972000000,,32142000000,75470000000,43328000000,,650800000,24740.48,0.36939264,4.284717333,4463.86,63.1,-0.4063,255821,3.8,0.13,3328.491,104.7399979,97.12999725,-7.61000061,0,10.9138539,115.9649662
6/30/2022,7/27/2022,FISV,4274000000,2044000000,,31970000000,77212000000,45242000000,,645200000,25248.476,1.05946385,5.043240667,4105.67,57.9,-0.1295,199421,3.6,0.19,3521.785,104.4599991,105.6800003,1.220001221,1,10.58540009,119.6714197
9/30/2022,10/28/2022,FISV,4328000000,1996000000,,31143000000,75640000000,44497000000,,639600000,25723.941,1.04068297,6.003276333,3980.35,56.1,-0.2758,191141,3.6,0.07,3347.843,102.5999985,102.7399979,0.13999939,1,10.28119224,118.2614134
12/31/2022,2/23/2023,FISV,5165000000,1980000000,,31688000000,83869000000,52181000000,,633600000,26137.992,1.76805674,6.484403333,3851.97,58.8,-0.1566,188009,3.6,0.88,3185.64,116.5400009,114.7099991,-1.830001831,0,10.10280736,132.3690025
6/30/2018,8/2/2018,CTSH,4006000000,2417000000,,10648000000,14806000000,4158000000,,580000000,20470.197,1.15872476,2.530544333,2703.13,98.3,-0.1825,136813,3.9,0.1,2258.834,72.10832214,73.6375351,1.529212952,1,1.037943085,25.52758621
9/30/2018,10/30/2018,CTSH,4078000000,2480000000,,10978000000,15274000000,4296000000,,580000000,20687.278,1.18087408,2.471481667,2849.6,98.1,-0.6204,134561,3.8,0.11,2274.868,62.57461166,64.70058441,2.125972748,1,1.053457577,26.33448276
12/31/2018,2/19/2019,CTSH,4129000000,2540000000,,11424000000,15846000000,4422000000,,577000000,20819.269,1.28791727,2.452050667,2698.93,98.1,-0.1487,139445,3.8,0.23,2295.174,69.03592682,67.48455048,-1.551376343,0,1.070961492,27.4627383
3/31/2019,5/3/2019,CTSH,4110000000,2575000000,,11136000000,16096000000,4960000000,,569000000,21013.085,0.87527495,2.387288333,2721,94.5,-0.3621,123508,3.9,0.73,2254.933,56.04795837,56.37903595,0.331077576,1,1.206812652,28.28822496
6/30/2019,8/1/2019,CTSH,4141000000,2629000000,,10557000000,15517000000,4960000000,,552000000,21272.448,0.46067806,2.408969333,2882.33,98.5,-0.513,126995,3.6,0.47,2311.3,63.03113556,58.88347626,-4.147659302,0,1.197778314,28.11050725
9/30/2019,10/31/2019,CTSH,4248000000,2681000000,,10702000000,15844000000,5142000000,,550000000,21531.839,0.36520973,2.565620333,2957.85,93.8,-0.2285,120227,3.6,0.35,2269.075,58.02789688,59.10391235,1.076015472,1,1.210451977,28.80727273
12/31/2019,2/14/2020,CTSH,4284000000,2749000000,,11022000000,16204000000,5182000000,,548000000,21706.532,0.43873377,2.749306333,3082.76,97.2,-0.1624,155655,3.6,0.71,2383.929,65.56391907,65.95680237,0.392883301,1,1.20961718,29.56934307
3/31/2020,5/8/2020,CTSH,4225000000,2747000000,,10613000000,17429000000,6816000000,,541000000,21538.032,0.23108155,2.752460667,3055.87,96.6,0.9415,170156,3.8,33.45,2202.657,54.77394485,53.23114777,-1.542797089,0,1.613254438,32.21626617
6/30/2020,7/30/2020,CTSH,4000000000,2615000000,,10972000000,18216000000,7244000000,,542000000,19636.731,-0.09771677,2.122902,2931.69,74.1,1.0473,239587,13,33.35,2078.07,66.5677948,65.47083282,-1.096961975,0,1.811,33.60885609
9/30/2020,10/29/2020,CTSH,4243000000,2647000000,,11140000000,18787000000,7647000000,,539000000,21362.428,-0.36527181,2.238408667,3319.83,75.7,-0.0865,221081,8.8,0.02,2702.715,68.56381226,68.35141754,-0.212394714,0,1.80226255,34.85528757
12/31/2020,2/12/2021,CTSH,4184000000,2662000000,,10836000000,16923000000,6087000000,,530000000,21704.706,-0.24600518,1.785781667,3554.5,79.8,-0.1765,245243,6.8,0.21,2615.907,74.51126862,73.68832397,-0.822944641,0,1.454827916,31.93018868
3/31/2021,5/6/2021,CTSH,4401000000,2764000000,,11037000000,16660000000,5623000000,,528000000,22313.85,-0.15111138,1.583668333,3865.71,80.2,-0.5785,261600,6.2,0,2937.989,72.95988464,71.88181305,-1.078071594,0,1.277664167,31.5530303
6/30/2021,7/29/2021,CTSH,4585000000,2863000000,,11205000000,16829000000,5624000000,,525000000,23046.934,0.04977656,2.491358,4183.63,85.6,-0.9187,268350,5.9,0.15,3209.367,72.03800201,71.79437256,-0.243629456,0,1.226608506,32.0552381
9/30/2021,10/28/2021,CTSH,4744000000,2947000000,,11546000000,17232000000,5686000000,,525000000,23550.42,-0.14023619,2.432303667,4421.67,74.8,-0.7987,270392,5.1,0.18,3214.189,75.58805084,76.25281525,0.664764404,1,1.19856661,32.82285714
12/31/2021,2/16/2022,CTSH,4777000000,3030000000,,11991000000,17852000000,5861000000,,525000000,24349.121,0.1145294,3.244694,4602.11,69.9,-0.6983,260115,4.2,0.11,3190.746,87.67684174,84.93293762,-2.743904114,0,1.226920662,34.00380952
3/31/2022,5/5/2022,CTSH,4826000000,3097000000,,11973000000,17434000000,5461000000,,521000000,24740.48,0.36939264,4.284717333,4463.86,63.1,-0.4063,255821,3.8,0.13,3328.491,72.38378906,75.00966644,2.62587738,1,1.131578947,33.46257198
6/30/2022,7/28/2022,CTSH,4906000000,3119000000,,11950000000,17258000000,5308000000,,518000000,25248.476,1.05946385,5.043240667,4105.67,57.9,-0.1295,199421,3.6,0.19,3521.785,65.97932434,66.75926208,0.779937744,1,1.081940481,33.31660232
9/30/2022,11/3/2022,CTSH,4857000000,3080000000,,11958000000,17347000000,5389000000,,514000000,25723.941,1.04068297,6.003276333,3980.35,56.1,-0.2758,191141,3.6,0.07,3347.843,51.50041199,53.27458191,1.774169922,1,1.109532633,33.74902724
12/31/2022,2/15/2023,CTSH,4839000000,3152000000,,12309000000,17852000000,5543000000,,509000000,26137.992,1.76805674,6.484403333,3851.97,58.8,-0.1566,188009,3.6,0.88,3185.64,66.83999634,65.48000336,-1.359992981,0,1.145484604,35.07269155
3/31/2018,5/8/2018,DISH,6880000000,196011000,6000000,7771000000,29163000000,21392000000,354070000,467280000,20155.486,0.99726438,2.222466,2733.48,98.9,-0.3239,156478,4,0.13,2202.037,29.80999947,31.78000069,1.970001221,1,3.109302326,62.41011813
6/30/2018,8/3/2018,DISH,3459000000,183262000,6000000,8227000000,29650000000,21423000000,329507000,467425000,20470.197,1.15872476,2.530544333,2703.13,98.3,-0.1825,136813,3.9,0.1,2258.834,34.20000076,36.20000076,2,1,6.1934085,63.43263625
9/30/2018,11/7/2018,DISH,3397000000,186878000,6000000,8683000000,30137000000,21454000000,304944000,467570000,20687.278,1.18087408,2.471481667,2849.6,98.1,-0.6204,134561,3.8,0.11,2274.868,32.11999893,31.72999954,-0.38999939,0,6.315572564,64.45452018
12/31/2018,2/13/2019,DISH,3307000000,203156000,6000000,9054000000,30587000000,21533000000,290733000,467752000,20819.269,1.28791727,2.452050667,2698.93,98.1,-0.1487,139445,3.8,0.23,2295.174,28.86000061,30.89999962,2.039999008,1,6.511339583,65.39148951
3/31/2019,5/3/2019,DISH,3181000000,193899000,5000000,9432000000,31686000000,22254000000,309251000,467953000,21013.085,0.87527495,2.387288333,2721,94.5,-0.3621,123508,3.9,0.73,2254.933,35.08000183,34.70999908,-0.370002747,0,6.995913235,67.71192833
6/30/2019,7/29/2019,DISH,3205000000,238078000,6000000,9835000000,32284000000,22449000000,331138000,469655000,21272.448,0.46067806,2.408969333,2882.33,98.5,-0.513,126995,3.6,0.47,2311.3,38.27999878,33.86000061,-4.419998169,0,7.004368175,68.73981965
9/30/2019,11/7/2019,DISH,3160000000,285801000,4000000,10697000000,31771000000,21074000000,314620000,477495000,21531.839,0.36520973,2.565620333,2957.85,93.8,-0.2285,120227,3.6,0.35,2269.075,34.68999863,35.97000122,1.280002594,1,6.668987342,66.53682238
12/31/2019,2/19/2020,DISH,3241000000,276748000,6000000,12116000000,33231000000,21115000000,322898000,503420000,21706.532,0.43873377,2.749306333,3082.76,97.2,-0.1624,155655,3.6,0.71,2383.929,41.25,40.72999954,-0.520000458,0,6.514964517,66.01048826
3/31/2020,5/7/2020,DISH,3196000000,253873000,6000000,12237000000,33673000000,21436000000,329386000,523152000,21538.032,0.23108155,2.752460667,3055.87,96.6,0.9415,170156,3.8,33.45,2202.657,23.35000038,25.93000031,2.579999924,1,6.707133917,64.36561458
6/30/2020,8/7/2020,DISH,3170000000,199724000,5000000,12765000000,33497000000,20732000000,315369000,524292000,19636.731,-0.09771677,2.122902,2931.69,74.1,1.0473,239587,13,33.35,2078.07,34.16999817,35.36999893,1.200000763,1,6.540063091,63.88996971
9/30/2020,11/6/2020,DISH,4527000000,2489000000,6000000,13325000000,36100000000,22775000000,516216000,525532000,21362.428,-0.36527181,2.238408667,3319.83,75.7,-0.0865,221081,8.8,0.02,2702.715,27.70999908,28.04999924,0.340000153,1,5.030925558,68.69229657
12/31/2020,2/22/2021,DISH,4557000000,2589000000,7000000,14131000000,38240000000,24109000000,380349000,526057000,21704.706,-0.24600518,1.785781667,3554.5,79.8,-0.1765,245243,6.8,0.21,2615.907,32.25999832,31.39999962,-0.859998703,0,5.290542023,72.69174253
3/31/2021,4/29/2021,DISH,4494000000,2538000000,7000000,14025000000,38813000000,24788000000,375076000,526570000,22313.85,-0.15111138,1.583668333,3865.71,80.2,-0.5785,261600,6.2,0,2937.989,45.04999924,44.45000076,-0.599998474,0,5.515798843,73.70909851
6/30/2021,8/9/2021,DISH,4483000000,2536000000,7000000,14726000000,39624000000,24898000000,385396000,527690000,23046.934,0.04977656,2.491358,4183.63,85.6,-0.9187,268350,5.9,0.15,3209.367,42.25,43.58000183,1.330001831,1,5.553870176,75.08954121
9/30/2021,11/4/2021,DISH,4446000000,2567000000,7000000,15338000000,41214000000,25876000000,470826000,528229000,23550.42,-0.14023619,2.432303667,4421.67,74.8,-0.7987,270392,5.1,0.18,3214.189,37.08000183,37.75999832,0.67999649,1,5.820062978,78.02297867
12/31/2021,2/24/2022,DISH,4447000000,2545000000,8000000,15923000000,48002000000,32079000000,534937000,528867000,24349.121,0.1145294,3.244694,4602.11,69.9,-0.6983,260115,4.2,0.11,3190.746,29.45999908,31.95999908,2.5,1,7.213627164,90.76384044
3/31/2022,5/6/2022,DISH,4328000000,2483000000,10000000,16392000000,49202000000,32810000000,536893000,529067000,24740.48,0.36939264,4.284717333,4463.86,63.1,-0.4063,255821,3.8,0.13,3328.491,22.21999931,21.29999924,-0.920000076,0,7.580868762,92.99767326
6/30/2022,8/3/2022,DISH,4208000000,2329000000,12000000,16978000000,49858000000,32880000000,585758000,530091000,25248.476,1.05946385,5.043240667,4105.67,57.9,-0.1295,199421,3.6,0.19,3521.785,18.21999931,19.20000076,0.98000145,1,7.813688213,94.05554895
9/30/2022,11/2/2022,DISH,4092000000,2382000000,12000000,17437000000,49003000000,31566000000,570545000,530436000,25723.941,1.04068297,6.003276333,3980.35,56.1,-0.2758,191141,3.6,0.07,3347.843,14.55000019,13.35000038,-1.199999809,0,7.714076246,92.38249289
12/31/2022,2/23/2023,DISH,4043000000,2365000000,11000000,18409000000,52607000000,34198000000,502373000,530846000,26137.992,1.76805674,6.484403333,3851.97,58.8,-0.1566,188009,3.6,0.88,3185.64,13.76000023,12.19999981,-1.56000042,0,8.458570369,99.10030404
5/5/2018,5/30/2018,ADI,1513000000,491038000,289381000,10585000000,20776000000,10191000000,551220000,370897000,20470.197,1.15872476,2.530544333,2703.13,98.3,-0.1825,136813,3.9,0.1,2258.834,86.32007599,89.42825317,3.108177185,1,6.735624587,56.01555149
8/4/2018,8/22/2018,ADI,1573000000,497557000,291551000,10857000000,20549000000,9692000000,563645000,371670000,20687.278,1.18087408,2.471481667,2849.6,98.1,-0.6204,134561,3.8,0.11,2274.868,89.4123764,90.19764709,0.785270691,1,6.161474889,55.28829338
11/3/2018,11/27/2018,ADI,1597000000,490585000,295609000,11268000000,20438000000,9170000000,586760000,370160000,20819.269,1.28791727,2.452050667,2698.93,98.1,-0.1487,139445,3.8,0.23,2295.174,82.19083405,82.57826233,0.387428284,1,5.742016281,55.21396153
2/2/2019,2/20/2019,ADI,1541000000,501445000,287382000,11585000000,21828000000,10243000000,593211000,368314000,21013.085,0.87527495,2.387288333,2721,94.5,-0.3621,123508,3.9,0.73,2254.933,98.53675842,97.6973114,-0.839447021,0,6.646982479,59.26464919
5/4/2019,5/22/2019,ADI,1527000000,492510000,285846000,11742000000,21776000000,10034000000,608085000,369761000,21272.448,0.46067806,2.408969333,2882.33,98.5,-0.513,126995,3.6,0.47,2311.3,94.05339813,91.2532959,-2.800102234,0,6.571054355,58.89209516
8/3/2019,8/21/2019,ADI,1480000000,482332000,280102000,11791000000,21567000000,9776000000,638305000,369406000,21531.839,0.36520973,2.565620333,2957.85,93.8,-0.2285,120227,3.6,0.35,2269.075,101.239975,97.11914825,-4.120826721,0,6.605405405,58.38291744
11/2/2019,11/26/2019,ADI,1392000000,501028000,277018000,11710000000,21393000000,9683000000,609886000,368302000,21706.532,0.43873377,2.749306333,3082.76,97.2,-0.1624,155655,3.6,0.71,2383.929,107.6516647,106.5366364,-1.115028381,0,6.956178161,58.0854842
2/1/2020,2/19/2020,ADI,1304000000,455423000,257073000,11690000000,21377000000,9687000000,588503000,368220000,21538.032,0.23108155,2.752460667,3055.87,96.6,0.9415,170156,3.8,33.45,2202.657,116.6352463,115.5714035,-1.063842773,0,7.428680982,58.05496714
5/2/2020,5/20/2020,ADI,1317000000,470386000,252413000,11591000000,21351000000,9760000000,590268000,368425000,19636.731,-0.09771677,2.122902,2931.69,74.1,1.0473,239587,13,33.35,2078.07,108.4464798,105.1240921,-3.322387695,0,7.41078208,57.95209337
8/1/2020,8/19/2020,ADI,1456000000,483558000,260794000,11778000000,21600000000,9822000000,612646000,369166000,21362.428,-0.36527181,2.238408667,3319.83,75.7,-0.0865,221081,8.8,0.02,2702.715,112.4430389,110.4159088,-2.027130127,0,6.745879121,58.51026368
10/31/2020,11/24/2020,ADI,1478000000,503211000,280239000,11998000000,21469000000,9471000000,608260000,369485000,21704.706,-0.24600518,1.785781667,3554.5,79.8,-0.1765,245243,6.8,0.21,2615.907,130.9515533,130.0523529,-0.899200439,0,6.407983762,58.10520048
1/30/2021,2/17/2021,ADI,1558000000,513087000,288150000,12088000000,21440000000,9352000000,618640000,368894000,22313.85,-0.15111138,1.583668333,3865.71,80.2,-0.5785,261600,6.2,0,2937.989,153.49646,157.3879089,3.891448975,1,6.002567394,58.11967666
5/1/2021,5/19/2021,ADI,1661000000,524770000,302238000,12167000000,21588000000,9421000000,641202000,368827000,23046.934,0.04977656,2.491358,4183.63,85.6,-0.9187,268350,5.9,0.15,3209.367,147.7562561,153.7776794,6.02142334,1,5.671884407,58.53150664
7/31/2021,8/18/2021,ADI,1759000000,537669000,306617000,12264000000,21641000000,9377000000,657520000,368214000,23550.42,-0.14023619,2.432303667,4421.67,74.8,-0.7987,270392,5.1,0.18,3214.189,160.6491852,161.4825745,0.833389282,1,5.330869812,58.77288751
10/30/2021,12/3/2021,ADI,2070000000,1218000000,399121000,37992000000,52322000000,14330000000,1201000000,525331000,24349.121,0.1145294,3.244694,4602.11,69.9,-0.6983,260115,4.2,0.11,3190.746,176.6086884,176.8724365,0.263748169,1,6.922705314,99.59815811
1/29/2022,2/16/2022,ADI,2632000000,1282000000,426780000,37428000000,51216000000,13788000000,972571000,523315000,24740.48,0.36939264,4.284717333,4463.86,63.1,-0.4063,255821,3.8,0.13,3328.491,164.44664,156.6511993,-7.795440674,0,5.238601824,97.86839666
4/30/2022,5/18/2022,ADI,2923000000,1028000000,420901000,37100000000,50801000000,13701000000,1075000000,519806000,25248.476,1.05946385,5.043240667,4105.67,57.9,-0.1295,199421,3.6,0.19,3521.785,156.9837799,159.4575043,2.473724365,1,4.687307561,97.73069184
7/30/2022,8/17/2022,ADI,3059000000,1067000000,431829000,36638000000,50346000000,13708000000,1203000000,514342000,25723.941,1.04068297,6.003276333,3980.35,56.1,-0.2758,191141,3.6,0.07,3347.843,167.7838593,165.6832275,-2.100631714,0,4.481203008,97.88428711
10/29/2022,11/22/2022,ADI,3196000000,1105000000,421008000,36465000000,50302000000,13837000000,1400000000,509296000,26137.992,1.76805674,6.484403333,3851.97,58.8,-0.1566,188009,3.6,0.88,3185.64,166.9067383,167.6697845,0.763046265,1,4.329474343,98.76771072
1/28/2023,2/15/2023,ADI,3189000000,1125000000,414095000,36532000000,50235000000,13703000000,1523000000,505852000,26629.7225,1.7543125,6.53331693,3610.215,55.3,-0.09135,155669,3.5,0.85,3358.188149,195.271225,191.8173065,-3.453918457,0,4.296958294,99.30770265
3/31/2018,5/4/2018,ADP,3696000000,2079000000,162500000,4030000000,44066000000,40036000000,,441700000,20155.486,0.99726438,2.222466,2733.48,98.9,-0.3239,156478,4,0.13,2202.037,113.0715485,113.2609482,0.189399719,1,10.83225108,99.76454607
6/30/2018,8/3/2018,ADP,3316000000,1942000000,152600000,4736000000,38849000000,34113000000,,438800000,20470.197,1.15872476,2.530544333,2703.13,98.3,-0.1825,136813,3.9,0.1,2258.834,121.7071304,122.8947296,1.187599182,1,10.28739445,88.53463993
9/30/2018,11/1/2018,ADP,3310000000,1928000000,158000000,4679000000,37417000000,32738000000,,438200000,20687.278,1.18087408,2.471481667,2849.6,98.1,-0.6204,134561,3.8,0.11,2274.868,128.3467712,128.8022156,0.455444336,1,9.890634441,85.38795071
12/31/2018,1/31/2019,ADP,3492000000,2000000000,156100000,4764000000,38806000000,34042000000,,436200000,20819.269,1.28791727,2.452050667,2698.93,98.1,-0.1487,139445,3.8,0.23,2295.174,128.0972595,131.568985,3.471725464,1,9.748568156,88.96377808
3/31/2019,5/3/2019,ADP,3828000000,2093000000,,5246000000,48196000000,42950000000,,435500000,21013.085,0.87527495,2.387288333,2721,94.5,-0.3621,123508,3.9,0.73,2254.933,147.5023804,147.5576172,0.055236816,1,11.2199582,110.6681975
6/30/2019,8/9/2019,ADP,3479000000,2001000000,,5400000000,41888000000,36488000000,,434200000,21272.448,0.46067806,2.408969333,2882.33,98.5,-0.513,126995,3.6,0.47,2311.3,155.1871796,153.4663086,-1.720870972,0,10.48807128,96.47167204
9/30/2019,11/4/2019,ADP,3496000000,2045000000,,5361000000,37715000000,32354000000,,433400000,21531.839,0.36520973,2.565620333,2957.85,93.8,-0.2285,120227,3.6,0.35,2269.075,150.5125427,148.4484253,-2.064117432,0,9.254576659,87.0212275
12/31/2019,1/31/2020,ADP,3670000000,2094000000,,5364000000,49059000000,43695000000,,431800000,21706.532,0.43873377,2.749306333,3082.76,97.2,-0.1624,155655,3.6,0.71,2383.929,160.2265778,162.6105042,2.383926392,1,11.90599455,113.6150996
3/31/2020,5/1/2020,ADP,4048000000,2239000000,,5490000000,43383000000,37893000000,,429800000,21538.032,0.23108155,2.752460667,3055.87,96.6,0.9415,170156,3.8,33.45,2202.657,132.085907,135.9049225,3.819015503,1,9.360918972,100.9376454
6/30/2020,8/5/2020,ADP,3377000000,2067000000,,5753000000,39166000000,33413000000,,429900000,19636.731,-0.09771677,2.122902,2931.69,74.1,1.0473,239587,13,33.35,2078.07,127.5149155,130.561554,3.046638489,1,9.894284868,91.10490812
9/30/2020,10/30/2020,ADP,3471000000,2034000000,,5809000000,42390000000,36581000000,,429300000,21362.428,-0.36527181,2.238408667,3319.83,75.7,-0.0865,221081,8.8,0.02,2702.715,150.453949,153.7876434,3.333694458,1,10.53903774,98.74213836
12/31/2020,2/1/2021,ADP,3682000000,2122000000,,5900000000,49326000000,43426000000,,428100000,21704.706,-0.24600518,1.785781667,3554.5,79.8,-0.1765,245243,6.8,0.21,2615.907,159.2974701,159.7571259,0.459655762,1,11.79413362,115.2207428
3/31/2021,4/30/2021,ADP,4088000000,2278000000,,5674000000,54408000000,48734000000,,426000000,22313.85,-0.15111138,1.583668333,3865.71,80.2,-0.5785,261600,6.2,0,2937.989,179.981781,184.2842407,4.302459717,1,11.92123288,127.7183099
6/30/2021,8/4/2021,ADP,3768000000,2205000000,,5671000000,48773000000,43102000000,,423700000,23046.934,0.04977656,2.491358,4183.63,85.6,-0.9187,268350,5.9,0.15,3209.367,205.0164337,205.9835205,0.967086792,1,11.43895966,115.1121076
9/30/2021,10/29/2021,ADP,3815000000,2223000000,,5351000000,59987000000,54636000000,,422000000,23550.42,-0.14023619,2.432303667,4421.67,74.8,-0.7987,270392,5.1,0.18,3214.189,218.0837555,215.8007965,-2.282958984,0,14.32136304,142.1492891
12/31/2021,1/31/2022,ADP,4007000000,2341000000,,5050000000,59103000000,54053000000,,420400000,24349.121,0.1145294,3.244694,4602.11,69.9,-0.6983,260115,4.2,0.11,3190.746,201.1795349,202.8676605,1.68812561,1,13.48964312,140.5875357
3/31/2022,4/29/2022,ADP,4494000000,2512000000,,4193000000,72068000000,67875000000,,418200000,24740.48,0.36939264,4.284717333,4463.86,63.1,-0.4063,255821,3.8,0.13,3328.491,213.9599304,215.0779114,1.117980957,1,15.1034713,172.3290292
6/30/2022,8/3/2022,ADP,4183000000,2386000000,,3225000000,63068000000,59843000000,,416100000,25248.476,1.05946385,5.043240667,4105.67,57.9,-0.1295,199421,3.6,0.19,3521.785,240.7323914,243.5700989,2.83770752,1,14.30623954,151.5693343
9/30/2022,11/2/2022,ADP,4163000000,2394000000,,2577000000,46365000000,43788000000,,415200000,25723.941,1.04068297,6.003276333,3980.35,56.1,-0.2758,191141,3.6,0.07,3347.843,234.9643555,234.3904114,-0.573944092,0,10.51837617,111.6690751
12/31/2022,2/2/2023,ADP,4322000000,2451000000,,2987000000,54453000000,51466000000,,414400000,26137.992,1.76805674,6.484403333,3851.97,58.8,-0.1566,188009,3.6,0.88,3185.64,227.70047,222.2115479,-5.488922119,0,11.907913,131.402027
4/30/2019,6/7/2019,ZM,121988000,24104000,13783000,719728000,999052000,279324000,,109709000,21272.448,0.46067806,2.408969333,2882.33,98.5,-0.513,126995,3.6,0.47,2311.3,94.05000305,102,7.949996948,1,2.289766207,9.106381427
7/31/2019,9/13/2019,ZM,145826000,27900000,15054000,743873000,1070000000,326127000,,271813000,21531.839,0.36520973,2.565620333,2957.85,93.8,-0.2285,120227,3.6,0.35,2269.075,78.84999847,80.66999817,1.819999695,1,2.236411888,3.936529894
10/31/2019,12/9/2019,ZM,166593000,30845000,17573000,772460000,1188000000,415540000,,273317000,21706.532,0.43873377,2.749306333,3082.76,97.2,-0.1624,155655,3.6,0.71,2383.929,65.94000244,63.52000046,-2.420001984,0,2.494342499,4.346601199
1/31/2020,3/20/2020,ZM,188251000,32547000,20669000,834098000,1290000000,455902000,,276679000,21538.032,0.23108155,2.752460667,3055.87,96.6,0.9415,170156,3.8,33.45,2202.657,130.5500031,159.5599976,29.00999451,1,2.421777308,4.662442759
4/30/2020,6/5/2020,ZM,328167000,103707000,26389000,902000000,2068000000,1166000000,,279891000,19636.731,-0.09771677,2.122902,2931.69,74.1,1.0473,239587,13,33.35,2078.07,207.6000061,209.8300018,2.229995728,1,3.553069017,7.388590558
7/31/2020,9/3/2020,ZM,663520000,192271000,42734000,1199000000,2625000000,1426000000,,282851000,21362.428,-0.36527181,2.238408667,3319.83,75.7,-0.0865,221081,8.8,0.02,2702.715,381.3200073,350.8800049,-30.44000244,0,2.149143959,9.280504577
10/31/2020,12/4/2020,ZM,777196000,258727000,42582000,1500000000,3050000000,1550000000,,284783000,21704.706,-0.24600518,1.785781667,3554.5,79.8,-0.1765,245243,6.8,0.21,2615.907,410.0100098,407.8500061,-2.160003662,0,1.994348916,10.70990895
1/31/2021,3/18/2021,ZM,882485000,267284000,52375000,3861000000,5298000000,1437000000,,287721000,22313.85,-0.15111138,1.583668333,3865.71,80.2,-0.5785,261600,6.2,0,2937.989,316.3200073,328.5,12.17999268,1,1.628356289,18.41367158
4/30/2021,6/2/2021,ZM,956237000,264994000,65175000,4193000000,5889000000,1696000000,,293795000,23046.934,0.04977656,2.491358,4183.63,85.6,-0.9187,268350,5.9,0.15,3209.367,327.1099854,336,8.890014648,1,1.773618883,20.04458891
7/31/2021,8/31/2021,ZM,1021000000,261256000,82311000,4658000000,6509000000,1851000000,,295713000,23550.42,-0.14023619,2.432303667,4421.67,74.8,-0.7987,270392,5.1,0.18,3214.189,289.5,295.0899963,5.589996338,1,1.812928501,22.01120681
10/31/2021,11/23/2021,ZM,1051000000,270957000,98508000,5114000000,6979000000,1865000000,,297375000,24349.121,0.1145294,3.244694,4602.11,69.9,-0.6983,260115,4.2,0.11,3190.746,206.6399994,208.3000031,1.660003662,1,1.774500476,23.46868432
1/31/2022,3/7/2022,ZM,1071000000,257347000,116996000,5780000000,7551000000,1771000000,,298397000,24740.48,0.36939264,4.284717333,4463.86,63.1,-0.4063,255821,3.8,0.13,3328.491,107.8799973,109.0800018,1.200004578,1,1.653594771,25.30521419
4/30/2022,5/25/2022,ZM,1074000000,261821000,144291000,5948000000,7957000000,2009000000,,299147000,25248.476,1.05946385,5.043240667,4105.67,57.9,-0.1295,199421,3.6,0.19,3521.785,102.3399963,110.4199982,8.080001831,1,1.870577281,26.59896305
7/31/2022,8/24/2022,ZM,1099000000,273611000,172564000,5991000000,8048000000,2057000000,,298553000,25723.941,1.04068297,6.003276333,3980.35,56.1,-0.2758,191141,3.6,0.07,3347.843,83.61000061,81.41000366,-2.199996948,0,1.871701547,26.95668776
10/31/2022,11/23/2022,ZM,1102000000,270665000,195946000,5756000000,7837000000,2081000000,,295537000,26137.992,1.76805674,6.484403333,3851.97,58.8,-0.1566,188009,3.6,0.88,3185.64,76.13999939,75.40000153,-0.739997864,0,1.888384755,26.51783025
1/31/2023,3/3/2023,ZM,1118000000,294354000,261258000,6207000000,8128000000,1921000000,,292944000,26629.7225,1.7543125,6.53331693,3610.215,55.3,-0.09135,155669,3.5,0.85,3358.188149,70.80999756,71.33000183,0.520004272,1,1.718246869,27.74591731
5/31/2018,6/22/2018,MU,7797000000,3074000000,603000000,29523000000,41845000000,12322000000,3369000000,1160000000,20470.197,1.15872476,2.530544333,2703.13,98.3,-0.1825,136813,3.9,0.1,2258.834,56.40852737,52.51623917,-3.892288208,0,1.580351417,36.07327586
8/30/2018,10/15/2018,MU,8440000000,3289000000,567000000,33264000000,43376000000,10112000000,3595000000,1161000000,20687.278,1.18087408,2.471481667,2849.6,98.1,-0.6204,134561,3.8,0.11,2274.868,41.82727051,41.83714676,0.009876251,1,1.198104265,37.36089578
11/29/2018,12/19/2018,MU,7889000000,3298000000,611000000,34838000000,44595000000,9757000000,3876000000,1120000000,20819.269,1.28791727,2.452050667,2698.93,98.1,-0.1487,139445,3.8,0.23,2295.174,31.02963066,29.95282936,-1.0768013,0,1.236785397,39.81696429
2/28/2019,3/21/2019,MU,5805000000,2971000000,601000000,35529000000,47487000000,11958000000,4390000000,1106000000,21013.085,0.87527495,2.387288333,2721,94.5,-0.3621,123508,3.9,0.73,2254.933,43.45729446,40.0589447,-3.398349762,0,2.05994832,42.9358047
5/30/2019,6/26/2019,MU,4758000000,2960000000,606000000,36289000000,46288000000,9999000000,4905000000,1104000000,21272.448,0.46067806,2.408969333,2882.33,98.5,-0.513,126995,3.6,0.47,2311.3,36.59145737,38.12268066,1.531223297,1,2.101513241,41.92753623
8/29/2019,10/17/2019,MU,4870000000,3475000000,623000000,36868000000,48887000000,12019000000,5118000000,1106000000,21531.839,0.36520973,2.565620333,2957.85,93.8,-0.2285,120227,3.6,0.35,2269.075,44.94900131,44.6723938,-0.276607513,0,2.467967146,44.20162749
11/28/2019,12/20/2019,MU,5137000000,3778000000,640000000,36598000000,49649000000,13051000000,4943000000,1108000000,21706.532,0.43873377,2.749306333,3082.76,97.2,-0.1624,155655,3.6,0.71,2383.929,54.39323807,54.72911835,0.33588028,1,2.540587892,44.80956679
2/27/2020,3/26/2020,MU,4749000000,3442000000,681000000,37121000000,49648000000,12527000000,5208000000,1112000000,21538.032,0.23108155,2.752460667,3055.87,96.6,0.9415,170156,3.8,33.45,2202.657,44.24760056,43.98086929,-0.266731262,0,2.637818488,44.64748201
5/28/2020,6/29/2020,MU,5384000000,3675000000,649000000,37918000000,52005000000,14087000000,5405000000,1112000000,19636.731,-0.09771677,2.122902,2931.69,74.1,1.0473,239587,13,33.35,2078.07,48.55480194,49.09814072,0.543338776,1,2.616456166,46.76708633
9/3/2020,10/19/2020,MU,6016000000,3988000000,630000000,38996000000,53678000000,14682000000,5373000000,1113000000,21362.428,-0.36527181,2.238408667,3319.83,75.7,-0.0865,221081,8.8,0.02,2702.715,51.99266052,52.6644249,0.671764374,1,2.440492021,48.22821204
12/3/2020,1/8/2021,MU,5725000000,4037000000,647000000,39907000000,53691000000,13784000000,5521000000,1117000000,21704.706,-0.24600518,1.785781667,3554.5,79.8,-0.1765,245243,6.8,0.21,2615.907,76.48245239,77.71730804,1.234855652,1,2.40768559,48.06714414
3/4/2021,4/1/2021,MU,6194000000,4587000000,641000000,40663000000,54135000000,13472000000,4743000000,1121000000,22313.85,-0.15111138,1.583668333,3865.71,80.2,-0.5785,261600,6.2,0,2937.989,91.2909317,92.61470795,1.323776245,1,2.175008072,48.29170384
6/3/2021,7/1/2021,MU,7375000000,4296000000,670000000,42259000000,55943000000,13684000000,4537000000,1120000000,23046.934,0.04977656,2.491358,4183.63,85.6,-0.9187,268350,5.9,0.15,3209.367,79.13988495,80.09812927,0.958244324,1,1.855457627,49.94910714
9/2/2021,10/8/2021,MU,8251000000,4362000000,705000000,43933000000,58849000000,14916000000,4487000000,1119000000,23550.42,-0.14023619,2.432303667,4421.67,74.8,-0.7987,270392,5.1,0.18,3214.189,69.36769867,68.4773407,-0.890357971,0,1.807780875,52.59070599
12/2/2021,1/6/2022,MU,7559000000,4122000000,712000000,45908000000,61246000000,15338000000,4827000000,1120000000,24349.121,0.1145294,3.244694,4602.11,69.9,-0.6983,260115,4.2,0.11,3190.746,94.72467041,92.98168945,-1.742980957,0,2.029104379,54.68392857
3/3/2022,3/30/2022,MU,7731000000,4110000000,792000000,47845000000,63696000000,15851000000,5383000000,1118000000,24740.48,0.36939264,4.284717333,4463.86,63.1,-0.4063,255821,3.8,0.13,3328.491,78.39419556,75.44302368,-2.951171875,0,2.050316906,56.97316637
6/2/2022,7/1/2022,MU,8642000000,4607000000,773000000,49281000000,65296000000,16015000000,5629000000,1105000000,25248.476,1.05946385,5.043240667,4105.67,57.9,-0.1295,199421,3.6,0.19,3521.785,53.20358276,56.25796127,3.05437851,1,1.853158991,59.09140271
9/1/2022,10/7/2022,MU,6643000000,4021000000,839000000,49907000000,66283000000,16376000000,6663000000,1094000000,25723.941,1.04068297,6.003276333,3980.35,56.1,-0.2758,191141,3.6,0.07,3347.843,52.68340302,51.15995407,-1.523448944,0,2.465151287,60.58775137
12/1/2022,12/22/2022,MU,4085000000,3192000000,849000000,49306000000,67874000000,18568000000,8359000000,1091000000,26137.992,1.76805674,6.484403333,3851.97,58.8,-0.1566,188009,3.6,0.88,3185.64,49.2183075,49.8057785,0.587471008,1,4.545410037,62.21264895
3/2/2023,3/29/2023,MU,3604000000,4899000000,788000000,47257000000,66520000000,19263000000,8129000000,1094000000,26629.7225,1.7543125,6.53331693,3610.215,55.3,-0.09135,155669,3.5,0.85,3358.188149,63.41184998,60.21830368,-3.193546295,0,5.344894562,60.80438757
4/29/2018,5/24/2018,AMAT,4579000000,2523000000,509000000,7042000000,18498000000,11456000000,3494000000,1029000000,20470.197,1.15872476,2.530544333,2703.13,98.3,-0.1825,136813,3.9,0.1,2258.834,47.79427719,48.97101212,1.176734924,1,2.501856301,17.97667638
7/29/2018,8/23/2018,AMAT,4162000000,2298000000,505000000,6825000000,17883000000,11058000000,3681000000,994000000,20687.278,1.18087408,2.471481667,2849.6,98.1,-0.6204,134561,3.8,0.11,2274.868,40.46694946,41.37483597,0.907886505,1,2.656895723,17.99094567
10/28/2018,12/13/2018,AMAT,3759000000,2102000000,519000000,6845000000,17633000000,10788000000,3721000000,967000000,20819.269,1.28791727,2.452050667,2698.93,98.1,-0.1487,139445,3.8,0.23,2295.174,32.05914688,31.0700779,-0.989068985,0,2.869912211,18.23474664
1/27/2019,2/21/2019,AMAT,3753000000,2088000000,516000000,8209000000,18922000000,10713000000,3703000000,957000000,21013.085,0.87527495,2.387288333,2721,94.5,-0.3621,123508,3.9,0.73,2254.933,37.11731339,37.91069794,0.793384552,1,2.854516387,19.77220481
4/28/2019,5/23/2019,AMAT,3539000000,2009000000,508000000,8201000000,18775000000,10574000000,3677000000,942000000,21272.448,0.46067806,2.408969333,2882.33,98.5,-0.513,126995,3.6,0.47,2311.3,38.37360764,37.48007584,-0.893531799,0,2.987849675,19.93099788
7/28/2019,8/22/2019,AMAT,3562000000,2005000000,515000000,8116000000,18805000000,10689000000,3539000000,929000000,21531.839,0.36520973,2.565620333,2957.85,93.8,-0.2285,120227,3.6,0.35,2269.075,45.38951492,44.01905441,-1.37046051,0,3.000842223,20.24219591
10/27/2019,12/13/2019,AMAT,3754000000,2120000000,515000000,8214000000,19024000000,10810000000,3474000000,916000000,21706.532,0.43873377,2.749306333,3082.76,97.2,-0.1624,155655,3.6,0.71,2383.929,57.98144913,58.06860352,0.087154388,1,2.879595099,20.76855895
1/26/2020,2/20/2020,AMAT,4162000000,2304000000,552000000,8660000000,19767000000,11107000000,3472000000,916000000,21538.032,0.23108155,2.752460667,3055.87,96.6,0.9415,170156,3.8,33.45,2202.657,64.50811768,59.33968735,-5.168430328,0,2.668668909,21.57969432
4/26/2020,5/21/2020,AMAT,3957000000,2208000000,550000000,9024000000,21815000000,12791000000,3725000000,917000000,19636.731,-0.09771677,2.122902,2931.69,74.1,1.0473,239587,13,33.35,2078.07,53.66518784,53.78224182,0.117053986,1,3.232499368,23.78953108
7/26/2020,8/20/2020,AMAT,4395000000,2440000000,572000000,9569000000,21171000000,11602000000,3952000000,915000000,21362.428,-0.36527181,2.238408667,3319.83,75.7,-0.0865,221081,8.8,0.02,2702.715,62.42597961,62.37704849,-0.048931122,0,2.639817975,23.13770492
10/25/2020,12/11/2020,AMAT,4688000000,2558000000,560000000,10578000000,22353000000,11775000000,3904000000,914000000,21704.706,-0.24600518,1.785781667,3554.5,79.8,-0.1765,245243,6.8,0.21,2615.907,86.66825867,86.86457062,0.196311951,1,2.511732082,24.45623632
1/31/2021,2/25/2021,AMAT,5162000000,2813000000,606000000,11473000000,23305000000,11832000000,3925000000,915000000,22313.85,-0.15111138,1.583668333,3865.71,80.2,-0.5785,261600,6.2,0,2937.989,112.0368576,120.2186203,8.181762695,1,2.292134831,25.46994536
5/2/2021,5/27/2021,AMAT,5549000000,2929000000,617000000,11993000000,24085000000,12092000000,4053000000,918000000,23046.934,0.04977656,2.491358,4183.63,85.6,-0.9187,268350,5.9,0.15,3209.367,135.7668915,136.1510773,0.384185791,1,2.179131375,26.23638344
8/1/2021,8/26/2021,AMAT,6148000000,3229000000,640000000,12060000000,24479000000,12419000000,4117000000,908000000,23550.42,-0.14023619,2.432303667,4421.67,74.8,-0.7987,270392,5.1,0.18,3214.189,130.7550201,134.2684021,3.513381958,1,2.020006506,26.9592511
10/31/2021,12/17/2021,AMAT,6021000000,3178000000,622000000,12247000000,25825000000,13578000000,4309000000,892000000,24349.121,0.1145294,3.244694,4602.11,69.9,-0.6983,260115,4.2,0.11,3190.746,144.4689636,143.3420563,-1.126907349,0,2.255107125,28.95179372
1/30/2022,2/24/2022,AMAT,6206000000,3312000000,654000000,11890000000,25428000000,13538000000,4526000000,889000000,24740.48,0.36939264,4.284717333,4463.86,63.1,-0.4063,255821,3.8,0.13,3328.491,132.1231689,132.8955841,0.772415161,1,2.181437319,28.60292463
5/1/2022,5/26/2022,AMAT,6245000000,3318000000,686000000,11579000000,25459000000,13880000000,5009000000,878000000,25248.476,1.05946385,5.043240667,4105.67,57.9,-0.1295,199421,3.6,0.19,3521.785,114.2301712,116.4339676,2.203796387,1,2.222578062,28.99658314
7/31/2022,8/25/2022,AMAT,6484000000,3514000000,705000000,12070000000,26161000000,14091000000,5506000000,864000000,25723.941,1.04068297,6.003276333,3980.35,56.1,-0.2758,191141,3.6,0.07,3347.843,104.5002289,96.08049011,-8.41973877,0,2.173195558,30.27893519
10/30/2022,12/16/2022,AMAT,6706000000,3648000000,726000000,12194000000,26726000000,14532000000,5932000000,844000000,26137.992,1.76805674,6.484403333,3851.97,58.8,-0.1566,188009,3.6,0.88,3185.64,104.4853058,103.7470322,-0.738273621,0,2.167014614,31.66587678
1/29/2023,2/23/2023,AMAT,6643000000,3594000000,771000000,13420000000,27959000000,14539000000,6054000000,845000000,26629.7225,1.7543125,6.53331693,3610.215,55.3,-0.09135,155669,3.5,0.85,3358.188149,112.9100037,112.0699997,-0.840003967,0,2.1886196,33.08757396
6/30/2019,8/9/2019,FSLY,46173000,20784000,11244000,267322000,356376000,89054000,,93429000,21272.448,0.46067806,2.408969333,2882.33,98.5,-0.513,126995,3.6,0.47,2311.3,17.29000092,16.02000046,-1.270000458,0,1.928702922,3.814404521
9/30/2019,11/8/2019,FSLY,49797000,22292000,12121000,259415000,327320000,67905000,,93347000,21531.839,0.36520973,2.565620333,2957.85,93.8,-0.2285,120227,3.6,0.35,2269.075,18.68000031,18.47999954,-0.200000763,0,1.363636364,3.50648655
12/31/2019,3/4/2020,FSLY,58936000,25528000,12951000,257652000,320969000,63317000,,94818000,21706.532,0.43873377,2.749306333,3082.76,97.2,-0.1624,155655,3.6,0.71,2383.929,21.45000076,18.98999977,-2.460000992,0,1.074334872,3.385106203
3/31/2020,5/8/2020,FSLY,62924000,27265000,14298000,256050000,323846000,67796000,,95401000,21538.032,0.23108155,2.752460667,3055.87,96.6,0.9415,170156,3.8,33.45,2202.657,34.79999924,34.31999969,-0.479999542,0,1.077426737,3.394576577
6/30/2020,8/7/2020,FSLY,74663000,29697000,16655000,542165000,607864000,65699000,,99835000,19636.731,-0.09771677,2.122902,2931.69,74.1,1.0473,239587,13,33.35,2078.07,79.33000183,78.18000031,-1.150001526,0,0.879940533,6.088686332
9/30/2020,11/6/2020,FSLY,70638000,29292000,18271000,535120000,631518000,96398000,,105942000,21362.428,-0.36527181,2.238408667,3319.83,75.7,-0.0865,221081,8.8,0.02,2702.715,73.43000031,69.79000092,-3.63999939,0,1.364676237,5.960978649
12/31/2020,3/1/2021,FSLY,82649000,33753000,25590000,1061914000,1220000000,158086000,,113623000,21704.706,-0.24600518,1.785781667,3554.5,79.8,-0.1765,245243,6.8,0.21,2615.907,77.25,68.01000214,-9.239997864,0,1.912739416,10.7372627
3/31/2021,5/7/2021,FSLY,84852000,37494000,28988000,1045000000,2138000000,1093000000,,114134000,22313.85,-0.15111138,1.583668333,3865.71,80.2,-0.5785,261600,6.2,0,2937.989,41.88000107,42.22000122,0.340000153,1,12.88125206,18.73236722
6/30/2021,8/6/2021,FSLY,85026000,40320000,30346000,1029000000,2137000000,1108000000,,115326000,23046.934,0.04977656,2.491358,4183.63,85.6,-0.9187,268350,5.9,0.15,3209.367,41.24000168,44.04000092,2.799999237,1,13.03130807,18.53007995
9/30/2021,11/8/2021,FSLY,86735000,41244000,32528000,1016000000,2139000000,1123000000,,116475000,23550.42,-0.14023619,2.432303667,4421.67,74.8,-0.7987,270392,5.1,0.18,3214.189,52.38000107,49.13000107,-3.25,0,12.94748371,18.36445589
12/31/2021,3/1/2022,FSLY,97717000,47944000,34997000,1014000000,2159000000,1145000000,,118811000,24349.121,0.1145294,3.244694,4602.11,69.9,-0.6983,260115,4.2,0.11,3190.746,18.03000069,16.62999916,-1.400001526,0,11.71751077,18.17171811
3/31/2022,5/5/2022,FSLY,102382000,53915000,40437000,976000000,2134000000,1158000000,,119673000,24740.48,0.36939264,4.284717333,4463.86,63.1,-0.4063,255821,3.8,0.13,3328.491,13.81000042,11.73999977,-2.070000648,0,11.31058194,17.83192533
6/30/2022,8/5/2022,FSLY,102518000,56466000,38717000,993943000,1933000000,939057000,,121242000,25248.476,1.05946385,5.043240667,4105.67,57.9,-0.1295,199421,3.6,0.19,3521.785,11.27000046,12.03999996,0.769999504,1,9.159923135,15.94331997
9/30/2022,11/4/2022,FSLY,108504000,55825000,38957000,967381000,1907000000,939619000,,122339000,25723.941,1.04068297,6.003276333,3980.35,56.1,-0.2758,191141,3.6,0.07,3347.843,8.659999847,8.75,0.090000153,1,8.659763695,15.58783381
12/31/2022,2/27/2023,FSLY,119321000,56738000,37197000,955045000,1896000000,940955000,,124336000,26137.992,1.76805674,6.484403333,3851.97,58.8,-0.1566,188009,3.6,0.88,3185.64,13.77000046,13.60999966,-0.160000801,0,7.88591279,15.2490027
3/31/2018,5/2/2018,SQ,668603000,21282000,105095000,810000000,2380000000,1570000000,20899000,395948000,20155.486,0.99726438,2.222466,2733.48,98.9,-0.3239,156478,4,0.13,2202.037,48.65999985,49.09999847,0.439998627,1,2.348179712,6.010890319
6/30/2018,8/1/2018,SQ,814938000,499122000,114800000,1082000000,3555000000,2473000000,22041000,403301000,20470.197,1.15872476,2.530544333,2703.13,98.3,-0.1825,136813,3.9,0.1,2258.834,66.86000061,68.36000061,1.5,1,3.03458668,8.814756224
9/30/2018,11/7/2018,SQ,882108000,529448000,135773000,1122000000,3973000000,2851000000,25294000,409690000,20687.278,1.18087408,2.471481667,2849.6,98.1,-0.6204,134561,3.8,0.11,2274.868,82.69000244,73.26999664,-9.420005798,0,3.232030545,9.697576216
12/31/2018,2/27/2019,SQ,932528000,552474000,141811000,1120000000,3281000000,2161000000,28627000,413984000,20819.269,1.28791727,2.452050667,2698.93,98.1,-0.1487,139445,3.8,0.23,2295.174,79.31999969,77.45999908,-1.86000061,0,2.317356691,7.92542707
3/31/2019,5/1/2019,SQ,959359000,562605000,154350000,1122000000,4403000000,3281000000,26679000,419289000,21013.085,0.87527495,2.387288333,2721,94.5,-0.3621,123508,3.9,0.73,2254.933,73.62000275,68.51999664,-5.100006104,0,3.41999189,10.50111021
6/30/2019,8/1/2019,SQ,1174000000,708393000,174201000,1184000000,4654000000,3470000000,29354000,423305000,21272.448,0.46067806,2.408969333,2882.33,98.5,-0.513,126995,3.6,0.47,2311.3,80.98000336,64.84999847,-16.13000488,0,2.955706985,10.99443664
9/30/2019,11/6/2019,SQ,1266000000,766437000,168771000,1250000000,4001000000,2751000000,44690000,427124000,21531.839,0.36520973,2.565620333,2957.85,93.8,-0.2285,120227,3.6,0.35,2269.075,61.34000015,62.45000076,1.11000061,1,2.172985782,9.367303172
12/31/2019,2/26/2020,SQ,1313000000,786380000,176843000,1715000000,4551000000,2836000000,47683000,430279000,21706.532,0.43873377,2.749306333,3082.76,97.2,-0.1624,155655,3.6,0.71,2383.929,76.58999634,83.33000183,6.740005493,1,2.159939071,10.57685827
3/31/2020,5/6/2020,SQ,1381000000,842608000,194986000,1808000000,6004000000,4196000000,54719000,434940000,21538.032,0.23108155,2.752460667,3055.87,96.6,0.9415,170156,3.8,33.45,2202.657,68.09999847,76.05000305,7.950004578,1,3.038377987,13.80420288
6/30/2020,8/5/2020,SQ,1924000000,1327000000,207730000,1926000000,7812000000,5886000000,55422000,440117000,19636.731,-0.09771677,2.122902,2931.69,74.1,1.0473,239587,13,33.35,2078.07,146.5500031,147.2200012,0.669998169,1,3.059251559,17.74982561
9/30/2020,11/5/2020,SQ,3034000000,2239000000,227550000,2063000000,8114000000,6051000000,70422000,444458000,21362.428,-0.36527181,2.238408667,3319.83,75.7,-0.0865,221081,8.8,0.02,2702.715,175.2299957,184.0800018,8.850006104,1,1.994396836,18.25594319
12/31/2020,2/23/2021,SQ,3159000000,2355000000,250670000,2682000000,9870000000,7188000000,61129000,452939000,21704.706,-0.24600518,1.785781667,3554.5,79.8,-0.1765,245243,6.8,0.21,2615.907,256.5899963,227.1100006,-29.47999573,0,2.275403609,21.7910138
3/31/2021,5/6/2021,SQ,5057000000,4300000,310141000,2315000000,11349000000,9034000000,63825000,454973000,22313.85,-0.15111138,1.583668333,3865.71,80.2,-0.5785,261600,6.2,0,2937.989,223.9600067,216.4299927,-7.530014038,0,1.786434645,24.94433736
6/30/2021,8/2/2021,SQ,4681000000,5405000,324059000,2737000000,13816000000,11079000000,58786000,455431000,23046.934,0.04977656,2.491358,4183.63,85.6,-0.9187,268350,5.9,0.15,3209.367,272.3800049,266.4200134,-5.959991455,0,2.366801965,30.33609921
9/30/2021,11/4/2021,SQ,3845000000,6351000,360729000,3004000000,13909000000,10905000000,73413000,460654000,23550.42,-0.14023619,2.432303667,4421.67,74.8,-0.7987,270392,5.1,0.18,3214.189,247.4600067,236.7700043,-10.69000244,0,2.836150845,30.19402849
12/31/2021,2/24/2022,SQ,4079000000,6589000,391343000,3313000000,15026000000,11713000000,77058000,462611000,24349.121,0.1145294,3.244694,4602.11,69.9,-0.6983,260115,4.2,0.11,3190.746,94.98999786,127.5,32.51000214,1,2.871537141,32.48085324
3/31/2022,5/5/2022,SQ,3961000000,15469000,484761000,17450000000,29127000000,11677000000,72340000,541435000,24740.48,0.36939264,4.284717333,4463.86,63.1,-0.4063,255821,3.8,0.13,3328.491,95.55000305,83.86000061,-11.69000244,0,2.947992931,53.79593118
6/30/2022,8/4/2022,SQ,4404000000,17899000,524827000,16891000000,28885000000,11994000000,78737000,581350000,25248.476,1.05946385,5.043240667,4105.67,57.9,-0.1295,199421,3.6,0.19,3521.785,89.69999695,85.5,-4.199996948,0,2.723433243,49.68607551
9/30/2022,11/3/2022,SQ,4516000000,18506000,548037000,16530000000,29121000000,12591000000,102962000,592672000,25723.941,1.04068297,6.003276333,3980.35,56.1,-0.2758,191141,3.6,0.07,3347.843,53.90999985,62.66999817,8.759998322,1,2.788086802,49.1351034
12/31/2022,2/23/2023,SQ,4651000000,18320000,604524000,17251000000,31364000000,14113000000,97703000,599094000,26137.992,1.76805674,6.484403333,3851.97,58.8,-0.1566,188009,3.6,0.88,3185.64,74.15000153,75.13999939,0.989997864,1,3.034401204,52.35238544
3/31/2018,5/10/2018,TWLO,129116000,59582000,37576000,362540000,482795000,120255000,,95692000,20155.486,0.99726438,2.222466,2733.48,98.9,-0.3239,156478,4,0.13,2202.037,54.90999985,52.52000046,-2.38999939,0,0.93137179,5.045301593
6/30/2018,8/8/2018,TWLO,147754000,67940000,39811000,429671000,985848000,556177000,,97339000,20470.197,1.15872476,2.530544333,2703.13,98.3,-0.1825,136813,3.9,0.1,2258.834,73.87000275,77.48999786,3.619995117,1,3.764209429,10.1279857
9/30/2018,11/8/2018,TWLO,168895000,77031000,42340000,434556000,1004000000,569444000,,98727000,20687.278,1.18087408,2.471481667,2849.6,98.1,-0.6204,134561,3.8,0.11,2274.868,91.94999695,83.33999634,-8.61000061,0,3.371585897,10.16945719
12/31/2018,3/1/2019,TWLO,204302000,96288000,51631000,438525000,1029000000,590475000,,100080000,20819.269,1.28791727,2.452050667,2698.93,98.1,-0.1487,139445,3.8,0.23,2295.174,123.5299988,116.0999985,-7.430000305,0,2.890206655,10.28177458
3/31/2019,5/9/2019,TWLO,233139000,107089000,77855000,3327440000,4120000000,792560000,,126078000,21013.085,0.87527495,2.387288333,2721,94.5,-0.3621,123508,3.9,0.73,2254.933,133.1300049,123.3899994,-9.740005493,0,3.399517026,32.67818335
6/30/2019,8/2/2019,TWLO,275039000,125024000,98783000,4296755000,5109000000,812245000,,135762000,21272.448,0.46067806,2.408969333,2882.33,98.5,-0.513,126995,3.6,0.47,2311.3,133.6999969,124.5199966,-9.180000305,0,2.953199364,37.63203253
9/30/2019,10/31/2019,TWLO,295066000,136904000,104481000,4284318000,5110000000,825682000,,137073000,21531.839,0.36520973,2.565620333,2957.85,93.8,-0.2285,120227,3.6,0.35,2269.075,96.55999756,92.01000214,-4.549995422,0,2.798295974,37.27940586
12/31/2019,3/2/2020,TWLO,331224000,156534000,110236000,4279895000,5151000000,871105000,,138413000,21706.532,0.43873377,2.749306333,3082.76,97.2,-0.1624,155655,3.6,0.71,2383.929,111.4800034,104.8799973,-6.600006104,0,2.62995737,37.21471249
3/31/2020,5/7/2020,TWLO,364868000,171333000,114339000,4256260000,5166000000,909740000,,139232000,21538.032,0.23108155,2.752460667,3055.87,96.6,0.9415,170156,3.8,33.45,2202.657,170.8899994,186.6100006,15.72000122,1,2.493340057,37.10353942
6/30/2020,8/4/2020,TWLO,400849000,191718000,120701000,4322021000,5291000000,968979000,,141619000,19636.731,-0.09771677,2.122902,2931.69,74.1,1.0473,239587,13,33.35,2078.07,283.7600098,260.4899902,-23.27001953,0,2.417316745,37.36080611
9/30/2020,10/29/2020,TWLO,447969000,217095000,136652000,5762566000,6724000000,961434000,,147501000,21362.428,-0.36527181,2.238408667,3319.83,75.7,-0.0865,221081,8.8,0.02,2702.715,288.5799866,273.3800049,-15.19998169,0,2.146206546,45.58613162
12/31/2020,2/26/2021,TWLO,548090000,265969000,158856000,8452000000,9487000000,1035000000,,164048000,21704.706,-0.24600518,1.785781667,3554.5,79.8,-0.1765,245243,6.8,0.21,2615.907,392.8800049,415.7799988,22.8999939,1,1.888375997,57.83063494
3/31/2021,5/6/2021,TWLO,589988000,291684000,174800000,10247000000,12242000000,1995000000,,167160000,22313.85,-0.15111138,1.583668333,3865.71,80.2,-0.5785,261600,6.2,0,2937.989,304.1199951,294.7000122,-9.41998291,0,3.381424707,73.23522374
6/30/2021,7/30/2021,TWLO,668931000,337684000,181280000,10695000000,12534000000,1839000000,,173407000,23046.934,0.04977656,2.491358,4183.63,85.6,-0.9187,268350,5.9,0.15,3209.367,373.5899963,379.5499878,5.959991455,1,2.74916247,72.28081911
9/30/2021,10/28/2021,TWLO,740176000,375561000,209890000,11082000000,12977000000,1895000000,,177231000,23550.42,-0.14023619,2.432303667,4421.67,74.8,-0.7987,270392,5.1,0.18,3214.189,284.9299927,300.6000061,15.67001343,1,2.560201898,73.2208248
12/31/2021,2/22/2022,TWLO,842744000,446197000,223249000,11032000000,12999000000,1967000000,,180468000,24349.121,0.1145294,3.244694,4602.11,69.9,-0.6983,260115,4.2,0.11,3190.746,161.2299957,165.0200043,3.790008545,1,2.334042129,72.02939025
3/31/2022,5/5/2022,TWLO,875363000,450292000,240611000,10918000000,12891000000,1973000000,,180899000,24740.48,0.36939264,4.284717333,4463.86,63.1,-0.4063,255821,3.8,0.13,3328.491,116.7300034,100.75,-15.98000336,0,2.253922087,71.26075877
6/30/2022,8/5/2022,TWLO,943354000,498065000,279641000,10842000000,12869000000,2027000000,,182348000,25248.476,1.05946385,5.043240667,4105.67,57.9,-0.1295,199421,3.6,0.19,3521.785,84.91999817,86.48000336,1.560005188,1,2.148716177,70.57384781
9/30/2022,11/4/2022,TWLO,983030000,520955000,284735000,10531000000,12613000000,2082000000,,183693000,25723.941,1.04068297,6.003276333,3980.35,56.1,-0.2758,191141,3.6,0.07,3347.843,42.74000168,45.68000031,2.939998627,1,2.117941467,68.66347656
12/31/2022,2/27/2023,TWLO,1025000000,543432000,274094000,10559000000,12564000000,2005000000,,185976000,26137.992,1.76805674,6.484403333,3851.97,58.8,-0.1566,188009,3.6,0.88,3185.64,63.77000046,65.73999786,1.969997406,1,1.956097561,67.55710414
4/30/2018,6/7/2018,ZS,49163000,2600000,9907000,243192000,405538000,162346000,,119819000,20470.197,1.15872476,2.530544333,2703.13,98.3,-0.1825,136813,3.9,0.1,2258.834,37.79000092,41.25,3.459999084,1,3.302198808,3.384588421
7/31/2018,9/13/2018,ZS,56174000,2500000,11480000,240236000,447781000,207545000,,119764000,20687.278,1.18087408,2.471481667,2849.6,98.1,-0.6204,134561,3.8,0.11,2274.868,42.43999863,40.25999832,-2.180000305,0,3.694680813,3.738861427
10/31/2018,12/6/2018,ZS,63298000,3000000,13186000,252178000,458094000,205916000,,122106000,20819.269,1.28791727,2.452050667,2698.93,98.1,-0.1487,139445,3.8,0.23,2295.174,42.97999954,40.59999847,-2.380001068,0,3.253120162,3.751609258
1/31/2019,3/6/2019,ZS,74302000,3400000,15071000,277073000,518113000,241040000,,123987000,21013.085,0.87527495,2.387288333,2721,94.5,-0.3621,123508,3.9,0.73,2254.933,58.27000046,60.54000092,2.270000458,1,3.244058033,4.178768742
4/30/2019,6/5/2019,ZS,79128000,3600000,16499000,286579000,537536000,250957000,,125552000,21272.448,0.46067806,2.408969333,2882.33,98.5,-0.513,126995,3.6,0.47,2311.3,72.44999695,75.51000214,3.060005188,1,3.171532201,4.28138142
7/31/2019,9/18/2019,ZS,86108000,3800000,17213000,308558000,604162000,295604000,,127253000,21531.839,0.36520973,2.565620333,2957.85,93.8,-0.2285,120227,3.6,0.35,2269.075,51.95000076,51.45000076,-0.5,0,3.432944674,4.74772304
10/31/2019,12/6/2019,ZS,93590000,19558000,20271000,314052000,636228000,322176000,,127926000,21706.532,0.43873377,2.749306333,3082.76,97.2,-0.1624,155655,3.6,0.71,2383.929,46.70000076,47.29999924,0.599998474,1,3.442419062,4.973406501
1/31/2020,3/4/2020,ZS,101268000,20238000,20706000,319164000,676425000,357261000,,129266000,21538.032,0.23108155,2.752460667,3055.87,96.6,0.9415,170156,3.8,33.45,2202.657,53.38999939,49.38999939,-4,0,3.527876526,5.232814507
4/30/2020,6/3/2020,ZS,110524000,24579000,24117000,334794000,735964000,401170000,,130347000,19636.731,-0.09771677,2.122902,2931.69,74.1,1.0473,239587,13,33.35,2078.07,107.4100037,99.30999756,-8.100006104,0,3.629709384,5.646190553
7/31/2020,9/17/2020,ZS,125887000,31358000,32785000,484000000,1833000000,1349000000,,132817000,21362.428,-0.36527181,2.238408667,3319.83,75.7,-0.0865,221081,8.8,0.02,2702.715,127.2099991,134.9299927,7.719993591,1,10.71595955,13.80094416
10/31/2020,12/8/2020,ZS,142578000,31727000,35770000,492000000,1853000000,1361000000,,134163000,21704.706,-0.24600518,1.785781667,3554.5,79.8,-0.1765,245243,6.8,0.21,2615.907,184.6000061,179.75,-4.850006104,0,9.545652204,13.81155758
1/31/2021,3/4/2021,ZS,157044000,34135000,41751000,502000000,1969000000,1467000000,,135858000,22313.85,-0.15111138,1.583668333,3865.71,80.2,-0.5785,261600,6.2,0,2937.989,180.8999939,167.8399963,-13.05999756,0,9.341331092,14.49307365
4/30/2021,6/3/2021,ZS,176404000,38977000,40952000,508000000,2062000000,1554000000,,136895000,23046.934,0.04977656,2.491358,4183.63,85.6,-0.9187,268350,5.9,0.15,3209.367,184.25,192.7299957,8.479995728,1,8.809324052,15.06263925
7/31/2021,9/16/2021,ZS,197074000,45478000,56180000,529000000,2258000000,1729000000,,138662000,23550.42,-0.14023619,2.432303667,4421.67,74.8,-0.7987,270392,5.1,0.18,3214.189,274.3900146,269.980011,-4.410003662,0,8.773354172,16.28420187
10/31/2021,12/8/2021,ZS,230517000,52169000,65216000,530000000,2271000000,1741000000,,140032000,24349.121,0.1145294,3.244694,4602.11,69.9,-0.6983,260115,4.2,0.11,3190.746,311.8099976,305.75,-6.059997559,0,7.552588312,16.21772166
1/31/2022,3/9/2022,ZS,255563000,57783000,69195000,539000000,2422000000,1883000000,,141063000,24740.48,0.36939264,4.284717333,4463.86,63.1,-0.4063,255821,3.8,0.13,3328.491,212.3500061,201.1399994,-11.21000671,0,7.368046235,17.16963343
4/30/2022,6/9/2022,ZS,286807000,64022000,76578000,532000000,2525000000,1993000000,,141847000,25248.476,1.05946385,5.043240667,4105.67,57.9,-0.1295,199421,3.6,0.19,3521.785,160.4199982,140.9799957,-19.44000244,0,6.948923841,17.80086995
7/31/2022,9/15/2022,ZS,318059000,68308000,78150000,574000000,2833000000,2259000000,,143038000,25723.941,1.04068297,6.003276333,3980.35,56.1,-0.2758,191141,3.6,0.07,3347.843,175.9900055,174.5700073,-1.419998169,0,7.102455834,19.8059257
10/31/2022,12/7/2022,ZS,355548000,76697000,74946000,432000000,2836000000,2404000000,,144210000,26137.992,1.76805674,6.484403333,3851.97,58.8,-0.1566,188009,3.6,0.88,3185.64,114.2399979,117.2099991,2.970001221,1,6.76139368,19.6657652
1/31/2023,3/8/2023,ZS,387598000,87604000,85765000,529000000,3040000000,2511000000,,145087000,26629.7225,1.7543125,6.53331693,3610.215,55.3,-0.09135,155669,3.5,0.85,3358.188149,114.9499969,105.4499969,-9.5,0,6.478361601,20.95294547
4/30/2019,7/19/2019,CRWD,98376000,29273000,23875000,72735000,457361000,384626000,,48127000,21272.448,0.46067806,2.408969333,2882.33,98.5,-0.513,126995,3.6,0.47,2311.3,83.51999664,87.68000031,4.160003662,1,3.909754412,9.503210256
7/31/2019,9/6/2019,CRWD,110244000,31582000,31630000,728511000,1172000000,443489000,,225893000,21531.839,0.36520973,2.565620333,2957.85,93.8,-0.2285,120227,3.6,0.35,2269.075,75.98000336,67.09999847,-8.880004883,0,4.022794891,5.188297114
10/31/2019,12/6/2019,CRWD,127187000,37355000,35992000,716988000,1256000000,539012000,,205479000,21706.532,0.43873377,2.749306333,3082.76,97.2,-0.1624,155655,3.6,0.71,2383.929,50.88999939,49,-1.88999939,0,4.237948847,6.112546781
1/31/2020,3/23/2020,CRWD,154164000,43416000,38691000,742701000,1405000000,662299000,,212948000,21538.032,0.23108155,2.752460667,3055.87,96.6,0.9415,170156,3.8,33.45,2202.657,51.45000076,55.77999878,4.329998016,1,4.296067824,6.597854875
4/30/2020,6/3/2020,CRWD,178835000,46895000,40578000,752757000,1519000000,766243000,,213129000,19636.731,-0.09771677,2.122902,2931.69,74.1,1.0473,239587,13,33.35,2078.07,98.09999847,93.93000031,-4.169998169,0,4.284636676,7.127138963
7/31/2020,9/3/2020,CRWD,199797000,54391000,50483000,792063000,1617000000,824937000,,216695000,21362.428,-0.36527181,2.238408667,3319.83,75.7,-0.0865,221081,8.8,0.02,2702.715,129.25,125.6299973,-3.620002747,0,4.128875809,7.46210111
10/31/2020,12/3/2020,CRWD,233367000,61527000,57539000,815276000,1750000000,934724000,,219401000,21704.706,-0.24600518,1.785781667,3554.5,79.8,-0.1765,245243,6.8,0.21,2615.907,161.1900024,170.7200012,9.529998779,1,4.005382081,7.976262642
1/31/2021,3/18/2021,CRWD,265165000,66732000,66070000,872000000,2733000000,1861000000,,221728000,22313.85,-0.15111138,1.583668333,3865.71,80.2,-0.5785,261600,6.2,0,2937.989,190.2100067,195.7299957,5.519989014,1,7.018271642,12.32591283
4/30/2021,6/4/2021,CRWD,298394000,78505000,78180000,853000000,2881000000,2028000000,,224153000,23046.934,0.04977656,2.491358,4183.63,85.6,-0.9187,268350,5.9,0.15,3209.367,206.9400024,215.4100037,8.470001221,1,6.796383305,12.8528282
7/31/2021,9/1/2021,CRWD,333194000,90432000,90455000,911000000,3136000000,2225000000,,226362000,23550.42,-0.14023619,2.432303667,4421.67,74.8,-0.7987,270392,5.1,0.18,3214.189,269.9700012,278.230011,8.260009766,1,6.677791317,13.85391541
10/31/2021,12/2/2021,CRWD,375448000,101664000,97630000,960000000,3300000000,2340000000,,228293000,24349.121,0.1145294,3.244694,4602.11,69.9,-0.6983,260115,4.2,0.11,3190.746,209.3500061,194.7100067,-14.63999939,0,6.232554175,14.45510813
1/31/2022,3/16/2022,CRWD,427267000,112620000,105018000,1037000000,3618000000,2581000000,,229692000,24740.48,0.36939264,4.284717333,4463.86,63.1,-0.4063,255821,3.8,0.13,3328.491,189.6600037,208.0599976,18.3999939,1,6.040719269,15.75152813
4/30/2022,6/3/2022,CRWD,481536000,126832000,123399000,1117000000,3836000000,2719000000,,231179000,25248.476,1.05946385,5.043240667,4105.67,57.9,-0.1295,199421,3.6,0.19,3521.785,162.1000061,168.9700012,6.869995117,1,5.646514487,16.59320267
7/31/2022,8/31/2022,CRWD,528818000,140567000,137864000,1243000000,4154000000,2911000000,,232554000,25723.941,1.04068297,6.003276333,3980.35,56.1,-0.2758,191141,3.6,0.07,3347.843,182.6100006,172.4499969,-10.16000366,0,5.504729415,17.86251795
10/31/2022,11/30/2022,CRWD,590793000,158228000,155256000,1337000000,4469000000,3132000000,,233785000,26137.992,1.76805674,6.484403333,3851.97,58.8,-0.1566,188009,3.6,0.88,3185.64,117.6500015,124,6.349998474,1,5.301349204,19.11585431
1/31/2023,3/9/2023,CRWD,668531000,175604000,191845000,1488000000,5027000000,3539000000,,235050000,26629.7225,1.7543125,6.53331693,3610.215,55.3,-0.09135,155669,3.5,0.85,3358.188149,121.6800003,121.4100037,-0.269996643,0,5.293696179,21.38693895
4/30/2018,6/7/2018,MDB,48222000,13749000,18645000,172507000,400227000,227720000,,50597000,20470.197,1.15872476,2.530544333,2703.13,98.3,-0.1825,136813,3.9,0.1,2258.834,49.58000183,53.86000061,4.279998779,1,4.722325909,7.910093484
7/31/2018,9/7/2018,MDB,56196000,16494000,21430000,208624000,663930000,455306000,,52085000,20687.278,1.18087408,2.471481667,2849.6,98.1,-0.6204,134561,3.8,0.11,2274.868,79.94000244,83.30000305,3.36000061,1,8.102106912,12.74704809
10/31/2018,12/6/2018,MDB,64985000,17758000,23179000,197245000,670670000,473425000,,53496000,20819.269,1.28791727,2.452050667,2698.93,98.1,-0.1487,139445,3.8,0.23,2295.174,90.73999786,83.05000305,-7.689994812,0,7.285142725,12.53682518
1/31/2019,4/1/2019,MDB,86029000,25567000,26600000,264566000,733476000,468910000,,54322000,21013.085,0.87527495,2.387288333,2721,94.5,-0.3621,123508,3.9,0.73,2254.933,147.9499969,146.6300049,-1.319992065,0,5.450603866,13.50237473
4/30/2019,6/7/2019,MDB,84699000,28172000,30868000,247868000,734241000,486373000,,55276000,21272.448,0.46067806,2.408969333,2882.33,98.5,-0.513,126995,3.6,0.47,2311.3,169.9700012,172.3600006,2.38999939,1,5.74237004,13.28317896
7/31/2019,9/5/2019,MDB,94428000,30202000,37140000,239343000,741597000,502254000,,56239000,21531.839,0.36520973,2.565620333,2957.85,93.8,-0.2285,120227,3.6,0.35,2269.075,150.4400024,131.3699951,-19.07000732,0,5.318909645,13.18652536
10/31/2019,12/10/2019,MDB,104628000,32191000,39387000,218835000,734985000,516150000,,56679000,21706.532,0.43873377,2.749306333,3082.76,97.2,-0.1624,155655,3.6,0.71,2383.929,129.1799927,124.7300034,-4.449989319,0,4.93319188,12.96750119
1/31/2020,3/27/2020,MDB,102460000,34791000,41638000,83000000,1329000000,1246000000,,57383000,21538.032,0.23108155,2.752460667,3055.87,96.6,0.9415,170156,3.8,33.45,2202.657,132.1100006,136.4299927,4.319992065,1,12.16084326,23.16016939
4/30/2020,6/5/2020,MDB,116534000,37677000,45632000,63000000,1337000000,1274000000,,57997000,19636.731,-0.09771677,2.122902,2931.69,74.1,1.0473,239587,13,33.35,2078.07,197.9799957,203.8800049,5.900009155,1,10.93243174,23.05291653
7/31/2020,9/3/2020,MDB,124331000,42304000,49255000,48000000,1355000000,1307000000,,58858000,21362.428,-0.36527181,2.238408667,3319.83,75.7,-0.0865,221081,8.8,0.02,2702.715,221.9400024,210.7200012,-11.22000122,0,10.51226162,23.0215094
10/31/2020,12/9/2020,MDB,136678000,46110000,54363000,22000000,1356000000,1334000000,,60156000,21704.706,-0.24600518,1.785781667,3554.5,79.8,-0.1765,245243,6.8,0.21,2615.907,280.0100098,340,59.98999023,1,9.76016623,22.54139238
1/31/2021,3/22/2021,MDB,156144000,50985000,55911000,-1000000,1407000000,1408000000,,60898000,22313.85,-0.15111138,1.583668333,3865.71,80.2,-0.5785,261600,6.2,0,2937.989,309.769989,283.5799866,-26.19000244,0,9.017317348,23.10420703
4/30/2021,6/4/2021,MDB,177675000,54528000,64751000,-268000000,1378000000,1646000000,,61362000,23046.934,0.04977656,2.491358,4183.63,85.6,-0.9187,268350,5.9,0.15,3209.367,315.269989,314.5,-0.769989014,0,9.264105811,22.45689515
7/31/2021,9/3/2021,MDB,196191000,60702000,72396000,673000000,2281000000,1608000000,,63427000,23550.42,-0.14023619,2.432303667,4421.67,74.8,-0.7987,270392,5.1,0.18,3214.189,507.4100037,489.75,-17.66000366,0,8.196094622,35.96260268
10/31/2021,12/8/2021,MDB,224296000,68464000,82256000,663000000,2352000000,1689000000,,66386000,24349.121,0.1145294,3.244694,4602.11,69.9,-0.6983,260115,4.2,0.11,3190.746,531.5700073,507.730011,-23.83999634,0,7.530227913,35.42915675
1/31/2022,3/18/2022,MDB,262973000,75798000,89417000,667000000,2450000000,1783000000,,67444000,24740.48,0.36939264,4.284717333,4463.86,63.1,-0.4063,255821,3.8,0.13,3328.491,398.1000061,390.5,-7.600006104,0,6.780163743,36.32643378
4/30/2022,6/3/2022,MDB,282413000,78215000,96372000,673000000,2435000000,1762000000,,68061000,25248.476,1.05946385,5.043240667,4105.67,57.9,-0.1295,199421,3.6,0.19,3521.785,273.1300049,274.5899963,1.459991455,1,6.23908956,35.7767297
7/31/2022,9/2/2022,MDB,301231000,88277000,108037000,669000000,2452000000,1783000000,,68687000,25723.941,1.04068297,6.003276333,3980.35,56.1,-0.2758,191141,3.6,0.07,3347.843,244.8699951,238,-6.869995117,0,5.919045517,35.69816705
10/31/2022,12/8/2022,MDB,331124000,93652000,106392000,684000000,2467000000,1783000000,,69256000,26137.992,1.76805674,6.484403333,3851.97,58.8,-0.1566,188009,3.6,0.88,3185.64,194.4299927,203.1799927,8.75,1,5.384689723,35.6214624
1/31/2023,3/17/2023,MDB,356080000,89160000,110891000,740000000,2589000000,1849000000,,69535000,26629.7225,1.7543125,6.53331693,3610.215,55.3,-0.09135,155669,3.5,0.85,3358.188149,219.7700043,210.9199982,-8.850006104,0,5.192653336,37.23304811
4/30/2018,6/8/2018,OKTA,83621000,24107000,19929000,249617000,726904000,477287000,,106492000,20470.197,1.15872476,2.530544333,2703.13,98.3,-0.1825,136813,3.9,0.1,2258.834,51.27999878,51.61000061,0.330001831,1,5.707740878,6.825902415
7/31/2018,9/7/2018,OKTA,94586000,28228000,24829000,245145000,763917000,518772000,,108994000,20687.278,1.18087408,2.471481667,2849.6,98.1,-0.6204,134561,3.8,0.11,2274.868,71.91999817,72.08000183,0.160003662,1,5.484659463,7.008798649
10/31/2018,12/6/2018,OKTA,105576000,29700000,27596000,244503000,796709000,552206000,,110346000,20819.269,1.28791727,2.452050667,2698.93,98.1,-0.1487,139445,3.8,0.23,2295.174,66.94999695,64.55000305,-2.399993896,0,5.230412215,7.220098599
1/31/2019,3/14/2019,OKTA,100399000,31386000,30031000,252377000,984313000,731936000,,112152000,21013.085,0.87527495,2.387288333,2721,94.5,-0.3621,123508,3.9,0.73,2254.933,82.87999725,82.87000275,-0.009994507,0,7.290271815,8.776597832
4/30/2019,5/31/2019,OKTA,120982000,35095000,34032000,239444000,998542000,759098000,,114139000,21272.448,0.46067806,2.408969333,2882.33,98.5,-0.513,126995,3.6,0.47,2311.3,113.2200012,109.0299988,-4.190002441,0,6.274470582,8.748473353
7/31/2019,8/29/2019,OKTA,136876000,38780000,40045000,250915000,1027000000,776085000,,116748000,21531.839,0.36520973,2.565620333,2957.85,93.8,-0.2285,120227,3.6,0.35,2269.075,127.1800003,128.1900024,1.010002136,1,5.669985973,8.796724569
10/31/2019,12/6/2019,OKTA,131439000,40824000,41832000,399000000,1871000000,1472000000,,121131000,21706.532,0.43873377,2.749306333,3082.76,97.2,-0.1624,155655,3.6,0.71,2383.929,118.3099976,121.0199966,2.709999084,1,11.19911137,15.44608729
1/31/2020,3/6/2020,OKTA,157681000,44683000,43360000,405000000,1955000000,1550000000,,122638000,21538.032,0.23108155,2.752460667,3055.87,96.6,0.9415,170156,3.8,33.45,2202.657,125.9700012,114.8499985,-11.12000275,0,9.829973174,15.9412254
4/30/2020,5/29/2020,OKTA,172095000,48486000,48494000,413000000,2037000000,1624000000,,123494000,19636.731,-0.09771677,2.122902,2931.69,74.1,1.0473,239587,13,33.35,2078.07,195.5800018,204.7799988,9.199996948,1,9.436648363,16.49472849
7/31/2020,8/28/2020,OKTA,181341000,51147000,53866000,685000000,3115000000,2430000000,,126319000,21362.428,-0.36527181,2.238408667,3319.83,75.7,-0.0865,221081,8.8,0.02,2702.715,207.9799957,215.3699951,7.38999939,1,13.40016874,24.6597899
10/31/2020,12/3/2020,OKTA,194922000,56908000,58150000,680000000,3170000000,2490000000,,128813000,21704.706,-0.24600518,1.785781667,3554.5,79.8,-0.1765,245243,6.8,0.21,2615.907,242.3500061,246.0500031,3.699996948,1,12.77434051,24.60931738
1/31/2021,3/4/2021,OKTA,212143000,61459000,62490000,694000000,3299000000,2605000000,,130182000,22313.85,-0.15111138,1.583668333,3865.71,80.2,-0.5785,261600,6.2,0,2937.989,226.2200012,208.5099945,-17.71000671,0,12.27945301,25.34144505
4/30/2021,5/27/2021,OKTA,228110000,66123000,68863000,682000000,3430000000,2748000000,,131777000,23046.934,0.04977656,2.491358,4183.63,85.6,-0.9187,268350,5.9,0.15,3209.367,222.3999939,218.6399994,-3.759994507,0,12.04681952,26.02882142
7/31/2021,9/2/2021,OKTA,292585000,101106000,122407000,6042000000,8932000000,2890000000,,151357000,23550.42,-0.14023619,2.432303667,4421.67,74.8,-0.7987,270392,5.1,0.18,3214.189,271.75,264.9400024,-6.809997559,0,9.877471504,59.01279756
10/31/2021,12/2/2021,OKTA,327536000,109674000,130535000,5985000000,8997000000,3012000000,,153756000,24349.121,0.1145294,3.244694,4602.11,69.9,-0.6983,260115,4.2,0.11,3190.746,221.1799927,217.8800049,-3.299987793,0,9.195935714,58.51478967
1/31/2022,3/7/2022,OKTA,359609000,119097000,147195000,5922000000,9206000000,3284000000,,154798000,24740.48,0.36939264,4.284717333,4463.86,63.1,-0.4063,255821,3.8,0.13,3328.491,154.3999939,170.3000031,15.90000916,1,9.132140742,59.4710526
4/30/2022,6/3/2022,OKTA,412075000,131165000,161651000,5473000000,9046000000,3573000000,,155875000,25248.476,1.05946385,5.043240667,4105.67,57.9,-0.1295,199421,3.6,0.19,3521.785,98.37999725,95,-3.379997253,0,8.670751684,58.03368083
7/31/2022,9/1/2022,OKTA,448892000,137694000,155836000,5453000000,9074000000,3621000000,,157400000,25723.941,1.04068297,6.003276333,3980.35,56.1,-0.2758,191141,3.6,0.07,3347.843,60.59999847,60.65999985,0.060001373,1,8.066528252,57.64930114
10/31/2022,12/1/2022,OKTA,478237000,137653000,148484000,5408000000,9094000000,3686000000,,158708000,26137.992,1.76805674,6.484403333,3851.97,58.8,-0.1566,188009,3.6,0.88,3185.64,67.43000031,61.93999863,-5.490001678,0,7.707475582,57.30019911
1/31/2023,3/3/2023,OKTA,507796000,139488000,154029000,5466000000,9307000000,3841000000,,160060000,26629.7225,1.7543125,6.53331693,3610.215,55.3,-0.09135,155669,3.5,0.85,3358.188149,85.55000305,84.15000153,-1.400001526,0,7.564061158,58.1469449
3/31/2018,5/11/2018,ROKU,136525000,73464000,34126000,193476000,360480000,167004000,38062000,99506000,20155.486,0.99726438,2.222466,2733.48,98.9,-0.3239,156478,4,0.13,2202.037,35.13999939,35.29999924,0.159999847,1,1.223248489,3.622696119
6/30/2018,8/10/2018,ROKU,156753000,79058000,40196000,211765000,381668000,169903000,39431000,102652000,20470.197,1.15872476,2.530544333,2703.13,98.3,-0.1825,136813,3.9,0.1,2258.834,58.04999924,55.38000107,-2.669998169,0,1.083889942,3.718076608
9/30/2018,11/9/2018,ROKU,173269000,94388000,45370000,221876000,428358000,206482000,68803000,106884000,20687.278,1.18087408,2.471481667,2849.6,98.1,-0.6204,134561,3.8,0.11,2274.868,43.93999863,41.45999908,-2.479999542,0,1.191684606,4.00769058
12/31/2018,3/1/2019,ROKU,275739000,163448000,51000000,244651000,464997000,220346000,35585000,109770000,20819.269,1.28791727,2.452050667,2698.93,98.1,-0.1487,139445,3.8,0.23,2295.174,69.08000183,67.05000305,-2.029998779,0,0.799110753,4.23610276
3/31/2019,5/10/2019,ROKU,206662000,105771000,55738000,360934000,628132000,267198000,33398000,110896000,21013.085,0.87527495,2.387288333,2721,94.5,-0.3621,123508,3.9,0.73,2254.933,82.75,79.44999695,-3.300003052,0,1.292922743,5.664153802
6/30/2019,8/9/2019,ROKU,250101000,135892000,61994000,460682000,820825000,360143000,39443000,114572000,21272.448,0.46067806,2.408969333,2882.33,98.5,-0.513,126995,3.6,0.47,2311.3,125.3199997,134.3000031,8.980003357,1,1.439990244,7.164272248
9/30/2019,11/8/2019,ROKU,261592000,142451000,68487000,463777000,897305000,433528000,73531000,116681000,21531.839,0.36520973,2.565620333,2957.85,93.8,-0.2285,120227,3.6,0.35,2269.075,121.9400024,129.2100067,7.270004272,1,1.657267806,7.690240913
12/31/2019,3/2/2020,ROKU,411230000,249583000,78792000,698192000,1470000000,771808000,49714000,119897000,21706.532,0.43873377,2.749306333,3082.76,97.2,-0.1624,155655,3.6,0.71,2383.929,114.6699982,109.6100006,-5.059997559,0,1.876828052,12.26052362
3/31/2020,5/11/2020,ROKU,321552000,179665000,88278000,676204000,1542000000,865796000,43978000,120180000,21538.032,0.23108155,2.752460667,3055.87,96.6,0.9415,170156,3.8,33.45,2202.657,132.1799927,117.5599976,-14.61999512,0,2.692553615,12.83075387
6/30/2020,8/7/2020,ROKU,356972000,209237000,84387000,1015131000,1846000000,830869000,45001000,122614000,19636.731,-0.09771677,2.122902,2931.69,74.1,1.0473,239587,13,33.35,2078.07,156.3899994,150.4100037,-5.979995728,0,2.327546698,15.05537704
9/30/2020,11/6/2020,ROKU,451947000,236839000,88388000,1216365000,2104000000,887635000,62609000,125687000,21362.428,-0.36527181,2.238408667,3319.83,75.7,-0.0865,221081,8.8,0.02,2702.715,253.3600006,221.9100037,-31.44999695,0,1.964024543,16.73999698
12/31/2020,2/26/2021,ROKU,649886000,344428000,94731000,1328473000,2271000000,942527000,53895000,128004000,21704.706,-0.24600518,1.785781667,3554.5,79.8,-0.1765,245243,6.8,0.21,2615.907,395.480011,420.3099976,24.82998657,1,1.450295898,17.74163307
3/31/2021,5/7/2021,ROKU,574183000,247412000,101581000,2441000000,3487000000,1046000000,41246000,129674000,22313.85,-0.15111138,1.583668333,3865.71,80.2,-0.5785,261600,6.2,0,2937.989,317,301.4100037,-15.58999634,0,1.82171886,26.89051005
6/30/2021,8/5/2021,ROKU,645319000,306853000,113276000,2561000000,3639000000,1078000000,47996000,132705000,23046.934,0.04977656,2.491358,4183.63,85.6,-0.9187,268350,5.9,0.15,3209.367,403.480011,397.730011,-5.75,0,1.670491648,27.42172488
9/30/2021,11/4/2021,ROKU,679953000,316034000,120307000,2683000000,3912000000,1229000000,75945000,133685000,23550.42,-0.14023619,2.432303667,4421.67,74.8,-0.7987,270392,5.1,0.18,3214.189,289.3900146,277.1700134,-12.22000122,0,1.80747787,29.26281931
12/31/2021,2/18/2022,ROKU,864129000,485685000,126438000,2766000000,4082000000,1316000000,50276000,135137000,24349.121,0.1145294,3.244694,4602.11,69.9,-0.6983,260115,4.2,0.11,3190.746,112.4599991,121.9700012,9.510002136,1,1.522920768,30.20638315
3/31/2022,4/29/2022,ROKU,733699000,368892000,163998000,2813000000,4226000000,1413000000,72863000,135539000,24740.48,0.36939264,4.284717333,4463.86,63.1,-0.4063,255821,3.8,0.13,3328.491,92.90000153,103.1299973,10.22999573,1,1.925857879,31.17921779
6/30/2022,7/29/2022,ROKU,764406000,409257000,196637000,2796000000,4314000000,1518000000,76077000,136849000,25248.476,1.05946385,5.043240667,4105.67,57.9,-0.1295,199421,3.6,0.19,3521.785,65.51999664,71.69000244,6.170005798,1,1.985855684,31.5237963
9/30/2022,11/3/2022,ROKU,761373000,404586000,207608000,2778000000,4392000000,1614000000,119252000,138571000,25723.941,1.04068297,6.003276333,3980.35,56.1,-0.2758,191141,3.6,0.07,3347.843,51.84000015,50.36999893,-1.470001221,0,2.119854526,31.69494339
12/31/2022,2/16/2023,ROKU,863134000,502677000,220670000,2647000000,4413000000,1766000000,106747000,140027000,26137.992,1.76805674,6.484403333,3851.97,58.8,-0.1566,188009,3.6,0.88,3185.64,70.56999969,65.62999725,-4.940002441,0,2.04603225,31.51535061
9/30/2020,11/13/2020,U,200177000,47540000,116648000,2060210000,2606000000,545790000,,270967000,21362.428,-0.36527181,2.238408667,3319.83,75.7,-0.0865,221081,8.8,0.02,2702.715,114.7699966,111.5100021,-3.259994507,0,2.726537015,9.617407286
12/31/2020,3/5/2021,U,220873000,52507000,120008000,2036918000,2671000000,634082000,,273537000,21704.706,-0.24600518,1.785781667,3554.5,79.8,-0.1765,245243,6.8,0.21,2615.907,93.81999969,92.75,-1.069999695,0,2.870799056,9.764675346
3/31/2021,5/12/2021,U,234750000,58734000,154015000,2016770000,2650000000,633230000,,279170000,22313.85,-0.15111138,1.583668333,3865.71,80.2,-0.5785,261600,6.2,0,2937.989,84.23999786,87.48000336,3.240005493,1,2.697465389,9.492423971
6/30/2021,8/11/2021,U,273170000,57725000,154216000,1970051000,2662000000,691949000,,282177000,23046.934,0.04977656,2.491358,4183.63,85.6,-0.9187,268350,5.9,0.15,3209.367,121.3499985,128.8699951,7.519996643,1,2.533034374,9.4337951
9/30/2021,11/10/2021,U,286421000,63517000,178413000,1966825000,2678000000,711175000,,285711000,23550.42,-0.14023619,2.432303667,4421.67,74.8,-0.7987,270392,5.1,0.18,3214.189,176.4499969,196.6499939,20.19999695,1,2.482970872,9.373107791
12/31/2021,2/22/2022,U,315379000,73654000,209066000,2394000000,4841000000,2447000000,,292592000,24349.121,0.1145294,3.244694,4602.11,69.9,-0.6983,260115,4.2,0.11,3190.746,96.15000153,103.1800003,7.029998779,1,7.758918634,16.54522338
3/31/2022,5/10/2022,U,319015000,93833000,221040000,2362000000,4947000000,2585000000,,295847000,24740.48,0.36939264,4.284717333,4463.86,63.1,-0.4063,255821,3.8,0.13,3328.491,48.13000107,35.09000015,-13.04000092,0,8.103067254,16.72148104
6/30/2022,8/9/2022,U,295920000,96836000,215960000,2282000000,4840000000,2558000000,,298028000,25248.476,1.05946385,5.043240667,4105.67,57.9,-0.1295,199421,3.6,0.19,3521.785,50.34999847,54.25,3.900001526,1,8.64422817,16.24008482
9/30/2022,11/9/2022,U,321746000,111903000,248380000,2203000000,4727000000,2524000000,,300588000,25723.941,1.04068297,6.003276333,3980.35,56.1,-0.2758,191141,3.6,0.07,3347.843,21.5,32.52000046,11.02000046,1,7.84469737,15.72584401
12/31/2022,2/27/2023,U,447160000,139928000,274111000,3754000000,7834000000,4080000000,,374243000,26137.992,1.76805674,6.484403333,3851.97,58.8,-0.1566,188009,3.6,0.88,3185.64,29.63999939,29.70999908,0.069999695,1,9.124250827,20.93292326
